1788 2980
88 142 175 204 ιι]
711 141 930 186 APRJL.
1462 142 1548 186 119

86 322 284 360 Romulus
325 322 410 360 and
448 323 597 361 Remus
635 321 766 360 decide
805 321 865 359 tlte
906 322 1149 371 sovereiynty
1178 321 1226 370 by
1254 333 1311 360 an
1338 321 1484 370 appeal
1523 325 1559 359 to

731 387 908 424 auqury.

85 489 170 534 Nil
207 505 328 552 opus
364 494 454 546 est,
492 482 635 546 dixit,
671 490 952 547 certamine,
989 489 1246 547 Romulus,
1286 489 1394 536 ullo.

149 569 333 630 Magna
368 569 484 614 fides
520 567 686 614 avium
722 574 826 625 est3
876 568 1184 630 experiamur
1216 584 1343 614 aves.
1582 592 1640 622 7⁴0

83 647 181 693 Res
216 648 403 709 placet:
451 648 579 693 alter
613 647 710 692 init
746 647 988 693 nemorosi
1021 663 1138 692 saxa
1173 648 1353 704 Palati,

0 728 7 812 ἰ
148 727 296 773 Alter
328 726 639 772 Aventinum
673 742 816 772 mane
849 742 1079 772 cacumen
1113 725 1224 773 init.

0 816 3 827 ¹
83 805 177 851 Sex
214 806 410 862 Remus,
449 804 528 851 hie
562 805 784 851 volucres
821 805 896 851 bis
932 821 1017 851 sex
1052 804 1190 850 videt
1225 805 1424 851 ordine:
1469 813 1608 868 pacto

147 885 335 942 Statur,
373 890 422 930 et
457 884 720 931 arbitrium
755 884 997 930 Romulus
1032 884 1169 930 urbis
1204 885 1367 931 habet.

83 968 218 1028 Apta
251 965 355 1011 dies
391 965 587 1027 legitur,
619 983 715 1028 qua
749 965 940 1012 moenia
975 965 1139 1027 signet
1172 971 1352 1012 aratro.
1583 990 1639 1021 μ-

147 1044 292 1090 Sacra
328 1045 462 1090 Palis
499 1045 747 1103 suberant,
790 1044 904 1090 inde
940 1049 1167 1090 movetur
1200 1061 1332 1106 opus.

53 1149 56 1151 >
87 1125 231 1169 Fossa
267 1124 322 1169 fit
357 1124 418 1170 ad
454 1124 681 1181 solidum,
718 1124 885 1185 fruges
921 1123 1170 1169 iaciuntur
1203 1123 1254 1169 in
1290 1124 1402 1182 ima,

147 1205 214 1250 Et
248 1205 307 1250 de
343 1204 504 1250 vicino
539 1208 673 1250 terra
708 1204 867 1266 petita
901 1203 1017 1249 solo.

86 1285 232 1330 Fossa
266 1285 486 1347 repletur
520 1285 684 1342 humo,
721 1284 988 1346 plenaeque
1023 1284 1295 1346 imponitur
1329 1301 1427 1341 ara,

148 1366 214 1411 Et
249 1381 406 1412 novus
439 1381 638 1411 accenso
673 1364 903 1427 fungitur
936 1364 1050 1426 igne
1084 1364 1233 1412 focus.
1583 1390 1642 1420 7⁵0

83 1446 206 1491 Inde
240 1461 463 1506 premens
498 1445 680 1491 stivam
716 1444 943 1506 designat
977 1444 1168 1491 moenia
1201 1445 1336 1491 sulco
1355 1463 1368 1504 3

148 1524 281 1569 Alba
316 1524 485 1585 iugum
520 1523 665 1569 niveo
698 1539 807 1569 cum
845 1524 966 1569 bove
1003 1539 1148 1570 vacca
1183 1522 1318 1569 tulit.

596 1707 745 1744 Romul
751 1705 808 1745 αδ)
832 1719 996 1756 prayer.

84 1839 193 1885 Vox
229 1840 327 1885 fuit
363 1841 479 1886 haec
515 1841 675 1903 regis:
726 1841 985 1899 Condenti,
1023 1843 1263 1904 Iuppiter,
1302 1844 1486 1899 urbem,

148 1919 214 1965 Et
248 1921 443 1981 genitor
478 1920 694 1977 Mavors,
735 1922 985 1982 Vestaque
1021 1927 1190 1980 mater,
1213 1922 1343 1979 ades,

80 1998 304 2061 Quosque
338 1999 472 2061 pium
507 2004 583 2046 est
617 2000 850 2046 adhibere
878 2001 1009 2059 deos,
1036 2001 1280 2047 advertite
1316 2003 1511 2049 cuncti:
1583 2028 1639 2058 75⁵

144 2078 445 2140 Auspicibus
479 2079 620 2126 vobis
655 2080 744 2126 hoc
780 2080 901 2126 mihi
935 2085 1107 2142 surgat
1141 2097 1272 2142 opus.

83 2158 250 2220 Longa
283 2158 350 2204 sit
385 2159 498 2204 huic
532 2162 668 2205 aetas
704 2159 1022 2221 dominaeque
1058 2160 1281 2221 potentia
1317 2166 1505 2208 terrae:

146 2236 318 2298 Sitque
353 2237 444 2283 sub
480 2237 569 2284 hac
604 2237 767 2290 oriens
804 2237 1130 2299 occiduusque
1166 2238 1284 2285 dies.

83 2315 176 2362 Ille
209 2316 533 2378 precabatur;
580 2316 771 2362 tonitru
808 2317 946 2363 dedit
981 2317 1144 2364 omina
1180 2318 1319 2365 laevo

145 2394 384 2457 Iuppiter,
424 2399 476 2441 et
510 2395 650 2441 laevo
684 2395 895 2441 fulmina
926 2395 1074 2442 missa
1108 2397 1230 2459 polo.
1582 2414 1639 2452 760

82 2473 305 2534 Augurio
345 2474 466 2520 laeti
503 2474 693 2520 iaciunt
729 2474 1021 2521 fundamina
1060 2475 1206 2534 cives,

149 2552 214 2598 Et
253 2568 409 2598 novus
446 2553 622 2614 exiguo
660 2558 878 2616 tempore
918 2571 1086 2602 murus
1127 2562 1247 2603 erat.
