1788 2980
201 174 262 220 62
683 176 912 225 oVJDJJ
937 177 1151 225 FASTI.
1572 179 1690 245 [Lm.

199 282 304 328 Nec
339 284 476 360 piget
510 278 698 348 incepti
716 303 729 345 3
764 287 905 332 iuvat
941 286 1047 332 hac‘
1068 303 1260 348 quoque
1295 296 1437 350 parte
1472 289 1670 347 morari,

268 359 379 407 Hoc
415 362 568 409 solam
604 380 666 410 ne
702 380 752 411 se
788 380 926 427 posse
963 364 1195 411 Minerva
1230 370 1391 427 putet.

197 437 355 497 Disce,
395 439 689 487 Latinorum
727 446 867 488 vates
904 458 1102 503 operose
1139 443 1345 499 dierum,

118 543 177 572 170
266 515 406 570 Quod
441 518 583 578 petis,
622 524 672 566 et
707 519 943 607 memorif
962 524 1157 581 pectore
1193 520 1326 566 dicta
1361 526 1491 568 nota.

196 592 360 638 Parva
395 593 509 651 fuit,
548 596 590 641 si
625 597 784 658 prima
819 597 944 642 vehs
980 597 1224 644 elementa
1258 597 1459 655 referre,

266 669 425 717 Roma
443 688 455 731 3
492 673 575 719 sed
611 675 664 720 in
700 690 856 736 parva
893 690 1002 736 spes
1037 679 1206 721 tamen
1241 675 1392 721 huius
1429 680 1555 722 erat.

201 747 402 794 Moenia
437 750 535 796 iam
573 753 793 808 stabant,
832 753 1025 815 populis
1060 757 1278 814 angusta
1313 752 1520 809 futuris,

267 825 470 873 Credita
506 829 589 875 sed
625 831 803 876 turbae
841 834 962 876 tunc
994 830 1143 876 nimis
1180 831 1344 891 ampla
1380 847 1511 880 suae.

118 931 175 959 175
199 905 334 960 Quae
369 904 526 951 fuerit
562 907 736 963 nostri,
775 908 816 954 si
851 908 1059 969 quaeris,
1101 908 1238 968 regia
1281 908 1403 964 nati,

265 981 449 1043 Aspice
484 983 544 1029 de
579 1001 741 1031 canna
780 985 1203 1046 straminibusque
1240 984 1452 1032 domum.

202 1059 265 1104 In
301 1060 486 1122 stipula
521 1062 703 1123 placidi
739 1063 973 1124 carpebat
1010 1078 1216 1108 munera
1252 1063 1426 1120 somni,

266 1137 334 1183 Et
370 1142 541 1185 tamen
578 1156 639 1185 ex
675 1140 761 1186 illo
799 1141 940 1186 venit
976 1140 1027 1185 in
1064 1144 1202 1186 astra
1236 1144 1378 1185 toro..

196 1215 403 1278 Iamque
439 1218 544 1263 loco
580 1218 739 1263 maius
776 1234 956 1264 nomen
992 1218 1250 1263 Romanus
1285 1217 1517 1274 habebat,

120 1313 180 1343 130
270 1292 375 1339 Nec
410 1295 626 1340 coniunx
660 1295 750 1352 illi,
789 1312 877 1341 1100
914 1312 1049 1342 socer
1084 1295 1218 1341 ullus
1255 1299 1377 1340 erat.

205 1371 517 1433 Sperncbant
554 1389 758 1435 generos
794 1374 964 1435 inopes
1000 1373 1184 1419 vicinia
1220 1373 1372 1427 dives,

262 1449 329 1495 Et
365 1451 493 1496 male
528 1451 1057 1512 credebarsanguinis
1095 1455 1267 1497 auctor
1303 1467 1405 1512 ego.

199 1529 263 1574 In
299 1530 509 1576 stabulis
544 1530 810 1588 habitasse,
851 1536 901 1577 et
938 1547 1052 1577 oves
1089 1530 1296 1593 pavisse,
1335 1532 1558 1588 nocebat,

267 1607 547 1671 Iugeraque
584 1609 763 1655 inculti
799 1625 953 1672 pauca
988 1614 1158 1655 tenere
1196 1609 1298 1655 soli.

117 1706 174 1743 185
200 1686 323 1732 Cum
358 1703 476 1749 pare
511 1703 733 1748 quaeque
768 1703 855 1733 suo
890 1690 1068 1733 coeunt
1102 1687 1421 1748 volucresque
1445 1686 1690 1748 feraeque,

261 1767 432 1827 Atque
468 1766 698 1828 aliquam,
738 1766 796 1811 de
831 1783 928 1827 qua
964 1771 1201 1828 procreet,
1238 1767 1417 1827 anguis
1452 1766 1617 1812 habet.

200 1843 454 1889 Extremis
490 1843 677 1888 dantur
713 1843 925 1888 conubia
960 1843 1224 1903 gentibus,
1260 1847 1314 1888 at
1348 1859 1473 1903 quae

262 1920 487 1965 Romano
523 1920 677 1966 Vellet
713 1920 914 1975 nubere,
953 1920 1093 1964 nulla
1128 1919 1241 1965 fuit.
1458 1960 1536 2021 ss

298 2072 378 2110 lee
408 2073 559 2110 scitura
590 2070 635 2120 of
658 2071 721 2109 tlte
753 2071 902 2110 Sabine
931 2084 1084 2109 women
1101 2071 1301 2119 followed
1331 2070 1379 2119 by
1407 2083 1510 2109 war.

195 2166 410 2223 Indolui,
447 2168 757 2229 patriamque
794 2167 906 2213 decli
942 2167 1049 2224 tibi,
1089 2167 1314 2222 Romule,
1353 2171 1583 2212 mentem.

115 2276 174 2305 190
266 2247 430 2292 ‘Tolle
465 2245 661 2307 preces,'
700 2245 829 2290 dixi:
869 2245 1023 2306 ‘quod
1059 2246 1202 2306 petis,
1239 2260 1377 2289 arma
1411 2244 1615 2290 dabunt.

195 2327 345 2372 Festa
380 2341 500 2386 para
534 2322 724 2369 Conso.'
799 2322 988 2368 Consus
1023 2322 1120 2368 tibi
1155 2327 1320 2367 cetera
1357 2322 1485 2367 dicet

261 2402 358 2448 Illo
393 2401 528 2447 facta
565 2401 657 2457 die,
696 2417 806 2446 cum
843 2416 932 2446 sua
968 2416 1107 2445 sacra
1142 2415 1301 2447 caneS.

199 2480 492 2526 Intumuere
529 2479 697 2535 Cures,
735 2483 786 2523 et
823 2493 944 2540 quos
980 2476 1117 2523 dolor
1151 2476 1326 2538 attigit
1364 2476 1524 2523 idem:

260 2559 384 2603 Tum
423 2557 635 2618 primum
673 2556 869 2618 generis
905 2555 1081 2600 intulit
1120 2570 1257 2599 arma
1295 2570 1441 2600 socer.
