1788 2980
0 0 187 286 l,

684 168 1523 214 APRIL.109

59 278 148 324 Oui
184 278 303 334 Dea,
341 277 471 322 Dum
511 293 605 322 non
642 292 709 332 es,
747 277 888 331 dixit,
928 277 1087 322 sceler
1080 282 1163 321 ita
1199 276 1338 322 fuisti

125 356 278 401 Irrita
314 361 535 402 materno
572 360 690 401 sunt
725 371 830 400 mea
866 356 994 401 dona
1029 363 1178 401 metu.

0 426 42 495 ξ
65 436 163 481 [ste
197 409 393 497 quidem
428 435 651 480 mortalis
687 435 796 492 erit,
834 436 915 480 sed
954 435 1140 496 primus
1173 433 1350 491 arabit,

126 515 191 560 Et
226 519 367 572 seret,
406 519 457 561 et
492 515 627 560 culta
652 501 875 576 'praemia
912 515 1055 560 tollet
1093 515 1250 560 humo.

433 665 544 702 Ceres
571 665 774 702 continues
803 664 872 702 her
904 665 1168 713 &auderi-7138.

4 807 7 809 ,
61 767 216 823 Dixit,
255 773 303 811 et
340 766 593 828 egrediens
628 766 806 811 nubem
844 765 1014 822 trahit,
1052 764 1198 826 inquo
1236 765 1467 810 dracones
1560 790 1612 819 ⁴95

125 845 337 901 Transit,
375 849 426 890 et
460 844 634 890 alifero
670 843 868 890 tollitur
902 844 1217 890 axe—Ceres.

61 924 245 970 Sunion
281 923 571 986 expositum,
610 923 880 985 Piraeaque
916 929 1028 969 tuta
1062 939 1249 970 recessu

126 1003 332 1065 Linquit
365 1008 416 1050 et
451 1003 502 1048 in
539 1004 768 1050 dextrum
802 1019 927 1065 quae
962 1002 1087 1049 iacet
1123 1020 1205 1048 ora
1243 1003 1385 1048 latus.

65 1084 193 1130 lline
227 1083 324 1129 init
359 1084 625 1145 Aegaeum,
663 1099 757 1144 quo
795 1083 865 1145 O>
868 1083 1034 1129 cladas
1068 1082 1245 1144 aspicit
1281 1099 1460 1141 omnes,

127 1163 415 1224 Ioniumque
451 1179 615 1225 rapax,
657 1163 965 1224 Icariumque
1001 1162 1153 1224 legit·
1142 1199 1154 1221 ,
1561 1188 1616 1216 5oe

62 1244 248 1306 Perque
281 1243 428 1289 urbes
463 1242 612 1289 Asiae
649 1243 847 1305 longum
884 1243 1011 1305 petit
1046 1243 1460 1304 Hellespontum:

124 1323 482 1386 Diversumque
519 1323 636 1369 locis
671 1323 775 1369 alta
812 1328 1032 1385 pererrat
1067 1323 1177 1370 iter.

61 1404 188 1449 Nam
224 1403 365 1449 modo
401 1402 638 1465 turilegos
668 1404 871 1461 Arabas,
900 1403 1040 1449 modo
1077 1403 1285 1465 despicit
1321 1404 1498 1449 Indos:

125 1482 259 1528 Hinc
300 1482 466 1544 Libys,
505 1483 620 1529 hino
655 1484 834 1540 Meroe,
876 1483 1094 1545 siccaque
1130 1488 1264 1529 terra
1299 1485 1482 1530 subest.

62 1563 204 1628 Nunc
222 1562 328 1608 adit
353 1562 619 1624 Hesperios
642 1563 872 1609 Rhenum
906 1562 1298 1624 Rhodanumque
1318 1564 1526 1609 Padum-

189 1657 282 1704 que
1560 1670 1617 1699 505

123 1722 286 1784 Teque
319 1721 488 1769 future
524 1738 713 1784 parens,
751 1722 903 1779 Tibri,
942 1723 1160 1785 potentis
1196 1739 1360 1785 aquae.

59 1802 163 1856 Quo
198 1800 360 1847 feror?
408 1800 699 1848 immensum
733 1806 810 1847 est
845 1806 1034 1848 erratas
1070 1802 1228 1849 dicere
1266 1808 1449 1849 terras:

125 1882 432 1947 Praeteritus
468 1881 632 1928 Cereri
668 1881 836 1927 nullus
872 1881 921 1927 in
959 1883 1075 1928 orbe
1111 1882 1257 1929 Iocus.

61 2037 135 2077 She
165 2038 298 2076 learns
326 2039 397 2077 her
424 2037 653 2088 dauylzber's
678 2039 770 2088 fate
798 2038 970 2087 chronvyh
1009 2039 1070 2077 the
1102 2040 1223 2078 Graan
1253 2040 1372 2087 Bear,
1407 2039 1535 2078 which

243 2104 362 2130 never
389 2094 474 2139 sets,
508 2091 594 2129 and
623 2091 685 2130 the
714 2092 816 2139 Sum,
851 2092 981 2130 which
1007 2104 1084 2130 sees
1111 2093 1173 2130 all
1201 2093 1347 2142 thiozqs.

64 2193 206 2238 Errat
241 2197 292 2239 et
325 2193 377 2239 in
412 2192 560 2249 caelo,
598 2192 867 2254 liquidique
903 2193 1139 2238 immunia
1175 2194 1310 2255 ponti

124 2272 414 2335 Alloquitur
448 2273 609 2335 gelido
645 2273 866 2335 proxima
902 2273 1042 2335 signa
1079 2273 1220 2334 polo:
1557 2300 1613 2328 510

60 2351 378 2399 Parrhasides
412 2352 598 2410 stellae,
639 2351 869 2415 (namque
904 2353 1066 2398 omnia
1101 2369 1242 2400 nosse
1278 2353 1498 2415 potestis,

122 2433 404 2494 Aequoreas
437 2442 701 2495 numquam
736 2449 845 2479 enm
882 2432 1099 2479 subeatis
1131 2432 1319 2495 aquas‚)

16 2520 18 2522 '
62 2511 399 2574 Persephonen
434 2511 638 2559 miserae
673 2517 839 2558 natam
875 2517 1147 2558 monstrate
1181 2515 1388 2575 parenti.

41 2580 48 2637 ,¹
123 2591 363 2637 Dixerat:
411 2592 524 2637 huic
560 2592 734 2638 Helice
770 2591 890 2637 talia
926 2592 1076 2638 verba
1111 2592 1291 2638 refert:
