1788 2980
197 183 255 228 14
693 183 922 230 OVIDII
965 184 1176 231 FASTI.
1546 181 1666 244 [Lm.

105 315 165 345 320
256 291 442 337 Hostia
477 291 740 338 caelibibus
775 307 870 353 quo
905 291 1115 338 feriente
1149 291 1283 338 cadit
1301 308 1315 351 3

192 369 286 425 Qui
321 370 480 417 calido
517 369 716 417 strictos
751 371 1004 417 tincturus
1039 371 1278 433 sanguine
1311 371 1511 430 cultrOS,

258 450 698 513 SemperAgone'l
736 455 908 513 rogat3
944 467 1032 498 nec
1067 451 1164 497 nisi
1199 451 1362 498 iussus
1396 451 1514 514 agit.

195 529 333 588 Pars,
358 531 474 593 quia
505 548 603 577 non
632 531 837 577 veniant
871 532 1077 594 pecudes
1102 532 1184 578 sed
1219 536 1446 594 agantur,
1472 532 1533 577 ab
1557 534 1670 577 actu

261 610 455 658 Nomen
492 612 768 674 Agonalem
804 613 962 659 credit
998 613 1178 659 habere
1214 613 1354 659 diem.

109 713 166 745 ³²5
192 689 315 736 Pars
351 696 497 754 putat
532 693 621 739 hoc
657 693 841 739 festum
877 692 1050 755 priscis
1085 693 1302 755 Agnalia
1338 693 1537 750 dictum,

262 770 379 817 Una
415 771 481 818 sit
517 776 574 818 ut
609 772 804 835 proprio
840 772 1011 818 littera
1047 773 1245 835 dempta
1280 772 1397 820 1000.

196 850 295 908 An,
331 851 445 912 quia
480 852 730 914 praevisos
766 852 816 897 in
854 869 979 914 aqua
1013 852 1158 898 timet
1194 852 1357 899 hostia
1391 852 1592 910 cultrOS‚

262 930 312 975 A
346 931 531 993 pecoris
568 931 655 978 lux
690 936 766 978 est
802 932 900 979 ista
936 936 1110 978 notata
1144 935 1318 979 metu?

197 1011 293 1057 Fas
327 1011 478 1057 etiam
514 1012 617 1058 fieri
653 1012 815 1059 solitis
850 1017 1013 1059 aetate
1049 1013 1265 1075 priorum

111 1113 171 1144 330
260 1090 478 1137 Nomina
515 1092 574 1138 de
610 1092 741 1139 ludis
777 1093 961 1140 Graeca
998 1092 1173 1139 tulisse
1210 1092 1352 1140 diem.

199 1169 266 1215 Et
301 1186 445 1232 pecus
481 1171 716 1234 antiquus
754 1172 949 1219 dicebat
984 1173 1161 1232 aqonia
1197 1189 1390 1233 sermo3

264 1251 494 1313 Veraque
530 1251 711 1298 iudicio
748 1257 824 1299 est
861 1253 1038 1310 ultima
1073 1269 1218 1299 causa
1254 1268 1372 1304 meo.

200 1329 372 1391 thue
409 1346 464 1377 ea
499 1347 598 1377 non
633 1336 767 1378 certa
804 1335 894 1389 est,
932 1331 1005 1377 ita
1046 1332 1155 1378 Rex
1191 1332 1383 1394 placare
1419 1331 1671 1378 Sacrorum

265 1410 487 1456 Numina
521 1411 772 1473 lanigerae
808 1411 1013 1474 coniuge
1050 1413 1196 1459 debet
1232 1412 1350 1459 ovis.

113 1514 169 1544 335
201 1490 413 1549 Victima,
438 1507 562 1554 quac
597 1492 772 1539 dextra
807 1493 982 1539 cecidit
1019 1493 1233 1552 victrice,
1273 1497 1478 1540 vocatur
1494 1511 1506 1553 3

267 1571 514 1618 Hostibus
538 1590 567 1620 a
599 1572 797 1619 domitis
832 1574 984 1621 hostia
1019 1589 1195 1620 nomen
1231 1574 1394 1621 habet.
1523 1592 1597 1631 ss

197 1716 248 1767 In
276 1727 343 1766 old
371 1728 473 1778 days
502 1728 563 1767 the
592 1729 781 1779 offerinys
810 1732 845 1768 to
875 1730 937 1768 tlte
965 1730 1058 1779 qods
1087 1727 1186 1768 w'ere
1220 1731 1266 1780 of
1294 1729 1357 1768 the
1384 1729 1541 1779 simpssu
1593 1728 1678 1767 and

265 1785 363 1820 most
391 1782 548 1832 hemely
575 1782 690 1823 kind.
755 1783 836 1822 The
864 1784 1041 1832 sacrifice
1070 1784 1117 1832 Qf
1139 1784 1323 1822 (mimals
1348 1794 1456 1822 came
1487 1787 1602 1826 later,

208 1891 358 1947 Ante,
397 1890 512 1936 deos
548 1889 735 1936 homini
771 1892 899 1953 quod
935 1891 1194 1939 conciliare
1229 1891 1432 1950 valeret,

272 1971 368 2016 Far
402 1974 510 2016 erat
544 1975 594 2017 et
629 1971 739 2033 puri
775 1970 936 2018 lucida
970 1971 1095 2017 mica
1132 1971 1260 2017 salis.

206 2051 441 2098 Nondum
477 2041 751 2113 pertulerat
788 2051 1069 2098 lacrimatas
1105 2052 1284 2098 cortice
1309 2041 1545 2114 ⁴myrrhas

121 2157 180 2187 340
269 2132 399 2177 Acta
434 2147 519 2194 per
555 2147 817 2194 aequoreas
852 2132 1049 2195 hospita
1084 2132 1226 2179 navis
1262 2149 1414 2195 aquas
1434 2149 1447 2192 3

200 2215 334 2260 Tura
379 2228 467 2258 nec
512 2212 803 2274 Euphrates,
842 2228 930 2259 nec
965 2213 1168 2259 miserat
1203 2212 1350 2259 India
1384 2217 1587 2272 costum,
1659 2224 1663 2233 ¹

275 2292 380 2338 Nec
413 2293 613 2338 fuerant
648 2292 786 2339 rubri
821 2292 1019 2355 cognita
1054 2293 1136 2339 fila
1170 2293 1310 2340 croci.

210 2372 315 2417 Ara
350 2372 501 2418 dabat
535 2372 710 2430 fumos,
747 2372 912 2418 herbis
946 2377 1179 2420 contenta
1214 2372 1423 2431 Sabinis,

278 2451 344 2496 Et
379 2467 477 2497 non
513 2451 688 2513 exiguo
725 2451 891 2498 laurus
926 2453 1103 2499 adusta
1137 2469 1269 2500 sono.

126 2556 184 2586 345
208 2530 259 2578 Si
293 2530 403 2592 quis
438 2535 558 2589 erat,
597 2531 743 2578 factis
779 2529 911 2593 prati
946 2534 1006 2599 de
1041 2533 1156 2579 flore
1191 2533 1381 2579 coronis

279 2610 374 2666 Qui
409 2615 574 2673 posset
608 2611 765 2659 violas
799 2613 992 2670 addere,
1030 2613 1168 2661 dives
1202 2618 1324 2662 erat.

1559 2424 1586 2431 .-
