1788 2980
247 196 308 240 34
466 185 469 188 ’
746 193 975 241 OVJDJJ
1016 193 1218 239 ΜΒΝ
1596 192 1714 243 snm.

160 329 214 359 175
242 304 454 366 Campus
492 308 627 361 erat3
654 303 811 365 campi
849 303 1147 349 claudebant
1185 303 1362 349 ultima
1401 304 1550 350 colles

308 386 541 447 Silvaque
577 389 838 431 montanas
876 384 1094 431 occulere
1131 389 1250 447 apta
1287 384 1431 431 feras.

245 467 308 513 In
347 466 507 513 medio
545 482 722 529 paucos
761 470 1082 527 armentaque
1120 482 1232 512 rara
1269 465 1584 530 relinquunt3

313 548 518 594 Caetera
554 547 792 609 virgultis
830 547 1004 593 abdita
1042 547 1192 593 turba
1231 547 1369 595 latet.
1368 571 1445 618 ss

177 657 179 659 ·
241 629 377 685 Ecce,
416 628 555 674 velut
592 632 786 674 torrens
824 628 971 673 undis
1009 627 1311 690 pluvialibus
1348 633 1522 674 auctus

160 724 218 755 180
300 710 409 755 Aut
447 709 575 768 nive,
615 725 739 771 quae
774 709 999 771 Zephyro
1037 708 1171 754 victa
1209 713 1408 770 tepente
1447 709 1570 766 fluit,

224 790 320 835 Per
344 794 452 836 sata
489 805 669 852 perque
705 789 811 835 vias
847 789 1023 846 fertur,
1062 804 1163 845 nec,
1204 793 1260 833 ut
1297 793 1413 834 ante
1450 789 1652 846 solebat,

313 870 555 932 Riparum
594 869 784 915 clausas
824 868 1046 930 margine
1086 868 1198 914 finit
1236 885 1417 929 aquas:

246 951 325 996 Sic
363 950 505 996 Fabii
545 950 727 996 vallem
766 949 883 994 latis
924 949 1230 994 discursibus
1271 948 1496 1010 implent,

305 1030 541 1091 Quodque
578 1029 754 1076 Vident
793 1034 1039 1086 sternunt,
1081 1045 1169 1075 nec
1211 1034 1371 1074 metus
1408 1028 1538 1074 alter
1573 1029 1714 1077 inest.

159 1127 214 1165 185
235 1111 339 1166 Quo
378 1110 542 1167 ruitis,
584 1126 820 1172 generosa
858 1110 1062 1156 domus?
1102 1109 1229 1155 male
1266 1108 1467 1154 creditis
1506 1110 1652 1156 hosti.

314 1191 533 1252 Simplex
569 1190 821 1248 nobilitas,
861 1190 1046 1252 perfida
1083 1191 1184 1236 tela
1221 1207 1349 1238 cave.

246 1272 439 1317 Fraude
476 1271 605 1333 perit
643 1271 820 1316 virtus.
892 1270 956 1316 In
993 1276 1188 1333 apertos
1230 1273 1447 1336 undique
1485 1288 1678 1334 campos

311 1352 589 1398 Prosiliunt
626 1351 808 1409 hostes,
848 1355 899 1397 et
940 1350 1073 1397 latus
1112 1369 1254 1399 omne
1292 1359 1481 1402 tenent.

244 1433 373 1489 Quid
411 1433 598 1479 faciant
637 1431 778 1494 pauci
816 1436 989 1478 contra
1030 1437 1107 1479 tot
1145 1435 1302 1480 millia
1337 1436 1523 1484 fortes?

158 1540 217 1571 190
306 1513 513 1571 Quidve,
551 1513 680 1575 quod
719 1512 771 1558 in
810 1512 987 1560 misero
1026 1518 1247 1576 tempore
1290 1521 1462 1575 restet,
1503 1518 1720 1563 habent?
1785 1557 1788 1563 .

245 1595 383 1642 Sicut
421 1612 538 1658 aper
576 1595 720 1656 longe
758 1594 899 1641 silvis
926 1596 1260 1642 Laurentibus
1296 1602 1435 1643 actus

312 1676 570 1722 Fulmineo
608 1675 788 1722 celeres
827 1674 1037 1737 dissipat
1077 1692 1158 1722 ore
1197 1692 1356 1734 canes,

244 1755 366 1801 Mox
403 1761 570 1802 tamen
607 1755 710 1817 ipse
748 1754 905 1816 perit:
950 1755 1018 1800 sic
1056 1772 1155 1801 non
1193 1757 1474 1803 moriuntur
1510 1757 1662 1803 inulti

310 1835 631 1897 Vulneraque
668 1835 862 1880 alterna
901 1836 1118 1896 dantque
1156 1835 1420 1899 feruntque
1458 1854 1620 1884 manu,

159 1941 216 1973 ¹95
241 1917 358 1963 Una
396 1917 499 1963 dies
537 1915 716 1962 Fabios
738 1915 816 1961 'ad
855 1916 1040 1962 bellum
1082 1916 1285 1962 miserat
1324 1934 1491 1964 omnes
1512 1936 1525 1978 3

310 1997 393 2043 Ad
433 1996 618 2042 bellum
655 1994 829 2041 missos
868 1996 1086 2058 perdidit
1124 2013 1222 2041 una
1261 1997 1376 2044 dies.

245 2081 320 2127 Ut
361 2082 529 2123 tamen
566 2075 841 2121 Herculeae
879 2081 1191 2138 superessent
1231 2077 1418 2123 semina
1455 2078 1632 2140 gentis,

316 2157 562 2205 Credibile
599 2161 675 2202 est
712 2155 843 2217 ipsos
881 2156 1183 2202 consuluisse
1222 2157 1367 2203 deos:

243 2237 374 2283 Nam
413 2252 533 2298 puer
573 2235 796 2297 impubes
834 2239 884 2280 et
921 2235 1078 2280 adhuc
1116 2252 1214 2281 non
1254 2236 1394 2282 utilis
1432 2238 1579 2283 armis

158 2343 216 2363 200
307 2318 452 2363 Unus
489 2317 548 2362 de
584 2315 738 2361 Fabia
773 2320 920 2376 gente
956 2315 1158 2361 relictus
1194 2321 1316 2374 erat,

246 2397 444 2443 Scilicet
480 2401 537 2441 ut
573 2410 738 2458 posses
774 2394 892 2440 olim
926 2400 999 2452 tu,
1038 2395 1269 2452 Maxime,
1308 2396 1455 2453 nasci,

311 2476 402 2523 Cui
439 2493 516 2522 res
551 2475 829 2523 cunctando
864 2475 1174 2522 restituenda
1209 2475 1351 2522 foret.
