1788 2980
71 205 157 271 aa]
687 207 906 252 APRJL.
1445 209 1530 254 105
1554 201 1556 203 ’

68 318 139 360 At
172 315 349 360 chorus
385 314 616 375 aequalis,
653 314 930 359 cumulatae
971 315 1086 359 flore
1122 314 1390 371 ministrae,
1566 332 1620 370 385

133 394 455 456 Persephone,
493 393 722 451 clamant,
760 393 821 439 ad
858 398 944 439 tua
981 394 1108 440 dona
1143 394 1286 439 veni}

68 473 141 519 Ut
174 473 386 519 clamata
421 472 548 530 silet,
585 477 777 519 montes
813 472 1086 520 ululatibus
1122 473 1344 536 implent,

65 599 70 604 ,
135 553 200 598 Et
235 552 420 598 feriunt
457 557 644 598 maesta
682 557 877 614 pectora
912 553 1042 598 nuda
1079 569 1237 600 manu.

69 707 180 746 Ceres
207 707 393 746 wauders
411 707 507 757 first
535 720 624 746 over
652 708 784 757 Sicily
811 708 897 746 and
925 709 1053 747 South
1080 709 1208 758 Italy,
1233 710 1317 747 ami
1348 710 1437 747 llum
1457 722 1545 748 over

297 761 359 799 the
387 761 511 799 whole
541 761 668 799 world
697 762 744 800 in
771 762 908 799 search
936 763 984 811 of
1005 762 1075 800 her
1102 763 1310 812 dauyhter.

69 862 303 909 Attonita
328 868 401 909 est
428 863 660 925 plangore
687 865 830 910 Ceres
852 882 862 921 3
902 865 1042 910 modo
1067 870 1271 910 venerat
1295 865 1526 910 Hennam
1546 881 1556 921 3

132 942 182 988 N
185 957 237 988 ec
272 958 419 999 mora,
458 943 542 989 Me
579 944 839 989 miseraml
890 944 1004 1001 filia,
1043 944 1186 1003 dixit,
1224 944 1306 990 ubi
1344 946 1428 990 es‘l
1567 969 1624 999 390

68 1022 254 1069 Mentis
288 1022 428 1085 inops
464 1023 671 1086 rapitur,
708 1024 877 1085 quales
913 1024 1082 1070 audire
1118 1024 1327 1070 solemus

131 1103 377 1149 Threicias
412 1103 536 1150 fusis
572 1104 842 1150 Maenadas
877 1104 946 1150 ire
981 1105 1146 1153 comis·

0 1169 1 1173 Ἰ
72 1183 141 1229 Ut
176 1182 334 1229 vitulo
370 1183 528 1245 mugit
565 1199 653 1229 sua
688 1188 846 1229 mater
880 1185 941 1230 ab
978 1185 1126 1230 ubere
1162 1190 1318 1248 rapto,

53 1256 59 1260 ‘
132 1264 198 1309 Et
232 1263 424 1325 quaerit
459 1263 593 1309 fetus
630 1279 714 1325 per
748 1279 920 1309 nemus
956 1280 1097 1310 omne
1134 1281 1262 1323 suos,
1296 1328 1298 1330 V

66 1346 143 1392 Sic
178 1346 268 1392 dea
302 1361 388 1392 nec
423 1345 607 1392 retinet
641 1346 869 1407 gemitus,
906 1352 957 1392 et
992 1347 1183 1392 concita
1217 1364 1361 1394 cursu
1567 1372 1624 1403 395

131 1427 324 1483 Fertur,
360 1431 410 1472 et
445 1441 471 1472 e
504 1426 686 1489 campis
721 1425 910 1488 incipit,
950 1426 1147 1483 Henna,
1185 1427 1298 1474 tuis.

67 1503 190 1549 Inde
225 1502 458 1565 puellaris
494 1508 639 1549 nacta
674 1508 750 1549 est
785 1502 998 1565 vestigia
1032 1503 1246 1565 plantae,

131 1584 196 1629 Et
232 1598 448 1644 pressam
483 1586 600 1628 noto
637 1583 849 1644 pondere
884 1581 1013 1628 vidit
1049 1582 1266 1642 humum.

68 1662 294 1708 Forsitan
330 1661 417 1707 illa
452 1661 556 1708 dies
591 1661 768 1707 erroris
805 1677 993 1707 summa
1027 1660 1219 1717 fuisset,

131 1743 182 1789 Si
218 1759 314 1788 non
351 1743 636 1788 turbassent
671 1741 812 1803 signa
848 1746 1043 1803 reperta
1077 1757 1201 1788 sues.
1567 1767 1624 1796 ,ω

66 1822 267 1884 Iamque
302 1822 570 1869 Leontinos
604 1822 957 1883 Amenanaque
992 1822 1193 1867 fiumina
1227 1838 1371 1869 cursu

131 1901 380 1948 Praeterit
415 1906 466 1948 et
500 1901 646 1964 ripas,
683 1901 903 1948 herbifer
940 1901 1047 1959 Aci,
1085 1906 1226 1947 tuas:

66 1981 313 2027 Praeterit
347 1986 398 2043 et
434 1981 633 2042 Cyanen
668 1985 719 2026 et
753 1979 942 2026 fontem
979 1980 1104 2026 lenis
1138 1981 1303 2043 Anapi

132 2060 198 2105 Et
231 2065 296 2118 te,
334 2048 606 2106 vorticibus
641 2075 739 2105 non
774 2060 997 2105 adeunde
1033 2059 1168 2106 Gela.

68 2139 300 2201 Liquerat
335 2140 578 2202 Ortygien
613 2139 939 2201 Megareaque
975 2139 1348 2201 Pantagienque
1566 2165 1622 2192 ⁴0⁵

131 2219 331 2281 Quaque
367 2219 685 2281 Symaetheas
719 2218 899 2280 accipit
935 2235 1115 2280 aequor
1148 2235 1311 2280 aquas,

68 2300 325 2361 Antraque
361 2299 639 2361 Cyclopum,
678 2298 851 2361 positis
888 2303 1061 2344 exusta
1094 2298 1313 2351 caminis,

130 2378 319 2440 Quique
353 2378 487 2424 locus
522 2394 698 2424 curvae
733 2378 931 2424 nomina
967 2377 1108 2423 falcis
1144 2377 1307 2433 habet,

68 2458 364 2519 Himeraque
380 2463 429 2504 et
446 2458 693 2519 Didymen
709 2460 1088 2520 Acragantaque
1102 2458 1533 2519 Tauromenenque

131 2537 480 2599 Sacrarumque
515 2537 683 2583 Melan
719 2554 895 2599 pascua
929 2536 1060 2582 laeta
1094 2537 1252 2583 boum.
1565 2562 1620 2590 ⁴12-

71 2617 198 2663 Hinc
237 2617 524 2663 Camerinan
564 2617 669 2663 adit
705 2617 1027 2679 Thapsonque
1063 2621 1114 2662 et
1152 2616 1356 2662 Heloria
1389 2617 1582 2678 Tempe,
