1788 2980
23 139 103 197 IL]
570 141 952 188 FEBRUARK
1444 143 1502 189 51

86 200 103 207 ο

324 269 404 307 ΤΙιε
426 269 569 318 prime
599 270 744 309 Sextus
759 270 873 319 falls
901 271 949 308 in
979 270 1060 309 love
1089 271 1190 309 with
1218 271 1301 311 her.

24 330 228 391 Interea
263 344 458 390 iuvenis
495 343 706 390 furiatos
743 345 909 407 regius
944 345 1085 407 ignes

17 412 30 423 ²
92 422 331 484 Concipit,
370 426 420 468 et
456 437 595 468 caeco
630 426 811 484 raptus,
839 440 1003 469 amore
1039 423 1178 470 furit.

24 501 203 547 Forma
237 500 411 562 placet,
450 500 719 561 niveusque
754 501 900 556 color,
937 501 1150 563 flavique
1185 502 1363 564 capilli,
1536 527 1595 565 605

90 578 281 639 Quique
315 576 488 623 aderat
523 576 662 622 nulla
698 576 863 624 factus
899 579 961 624 ab
997 584 1106 625 arte
1143 579 1297 627 decor.

23 655 195 700 Verba
231 654 444 716 placent,
483 658 534 700 et
571 669 681 712 VOX‚
721 659 771 700 et
807 655 937 716 quod
974 671 1285 718 corrumpere
1321 673 1421 702 non
1459 660 1567 703 est:

92 732 294 793 Quoque
329 731 490 776 minor
526 747 636 792 spes
662 705 744 787 ἓξ
775 732 865 777 1100
901 732 1060 793 magis
1095 733 1181 779 1110
1216 734 1364 795 cupit.

24 808 133 854 Iam
170 808 374 855 dederat
408 813 586 854 cantus
622 808 744 854 lucis
780 810 1109 870 praenuntius
1144 811 1260 866 ales,

91 885 215 931 Cum
250 885 477 931 referunt
511 885 716 931 iuvenes
752 886 932 931 ixvsua
968 892 1132 933 castra
1166 888 1352 949 pedem.

24 963 258 1024 Carpitur
292 963 537 1009 attonitos
573 963 794 1009 absentis
830 963 1045 1025 imagine
1081 981 1253 1011 sensus

1537 915 1597 945 610

90 1040 214 1087 Ille:
252 1040 533 1087 recordanti
569 1041 712 1102 plura
747 1042 1000 1103 magisque
1036 1044 1245 1104 placent.

24 1119 102 1164 Sic
139 1119 280 1174 sedit,
320 1118 387 1164 sic
423 1118 559 1164 culta
595 1117 710 1175 fuit,
749 1119 817 1164 sic
853 1120 1069 1165 stamina
1106 1121 1259 1177 nevit,

61 1195 363 1256 <Neglectae
399 1195 522 1241 collo
558 1196 625 1241 sic
660 1195 852 1242 iacuere
887 1213 1066 1253 comae,

24 1272 135 1318 Hos
170 1272 348 1318 habuit
384 1272 570 1328 vultus,
609 1273 728 1318 haec
762 1273 837 1319 illi
871 1273 1024 1319 verba
1058 1274 1279 1332 fuerunt,

91 1351 190 1396 Hic
224 1350 367 1406 color,
405 1350 524 1396 haec
559 1349 724 1409 facies,
763 1350 843 1396 hic
879 1352 1021 1397 decor
1055 1353 1154 1399 oris
1189 1359 1311 1400 erat.

25 1420 104 1475 Ut
140 1428 265 1474 solet
300 1445 330 1473 a
364 1445 543 1490 magno
576 1429 755 1474 fluctus
790 1428 1108 1490 languescere
1143 1432 1281 1487 flatu,

95 1506 188 1552 Sed
224 1511 392 1552 tamen
420 1523 450 1551 a
485 1510 652 1561 vento,
688 1507 774 1568 qui
810 1506 925 1564 fuit,
963 1508 1097 1553 unda
1132 1514 1327 1556 tumet:

25 1580 103 1629 Sic
139 1584 365 1645 quamvis
401 1585 574 1630 aberat
610 1584 822 1645 placitae
857 1585 1139 1645 praesentia
1175 1585 1376 1645 formae,

91 1661 246 1716 Quem
280 1661 483 1707 dederat
519 1677 750 1723 praesens
785 1660 959 1717 forma,
998 1664 1233 1709 manebat
1268 1681 1418 1711 amor.
1532 1696 1591 1723 520

1535 1302 1594 1339 615

266 1789 356 1828 Her
384 1790 674 1839 unsuspz'cious
702 1789 895 1833 lsz‘ozdness
923 1791 1009 1828 (md
1036 1791 1102 1829 leis
1131 1792 1345 1842 treachery.

23 1886 199 1941 Ardet,
239 1890 291 1931 et
331 1886 507 1932 iniusti
544 1885 762 1932 stimulis
797 1886 1020 1954 agitatus
1060 1889 1258 1952 amoris

87 1963 352 2027 Comparat
375 1964 581 2025 indigno
605 1964 803 2025 vimque
829 1963 1093 2025 dolumque
1118 1968 1241 2008 toro.

20 2045 201 2091 Exitus
227 2045 279 2090 in
304 2045 454 2090 dubio
479 2049 554 2091 est
576 2061 584 2090 :
621 2045 913 2096 audebimus
939 2042 1131 2100 ultima}
1158 2044 1288 2089 dixit
1306 2061 1320 2103 3

92 2122 308 2177 Viderit,
352 2121 593 2166 audentes
635 2118 801 2163 fot-sve
843 2117 1024 2163 deusve
1064 2118 1206 2164 iuvat
1225 2135 1237 2176 3

24 2200 254 2262 Cepimus
289 2196 514 2244 audendo
555 2196 740 2242 Gabios
776 2213 982 2258 quoque.
1054 2196 1196 2244 Talia
1231 2195 1370 2242 fatus

92 2278 224 2323 Ense
259 2277 394 2322 latus
428 2273 601 2335 cinxit,
639 2278 878 2334 tergaque
915 2274 1095 2334 pressit
1132 2272 1256 2334 equi.

25 2354 224 2415 Accipit
259 2356 432 2400 aerata
460 2352 685 2397 iuvenem
726 2349 939 2397 Collatia
976 2353 1133 2410 porta,

93 2429 311 2478 Condere
346 2429 445 2475 iam
480 2428 652 2474 vultus
688 2426 792 2473 sole
829 2430 1037 2488 parante
1073 2442 1200 2473 suos.

26 2508 218 2567 Hostis,
255 2511 314 2553 ut
349 2507 538 2568 hospes,
576 2504 674 2550 init
709 2502 986 2566 penetralia
1023 2503 1290 2552 Collatini:

1180 2612 1182 2616 ·
1219 2607 1253 2640 E
1297 2595 1327 2640 2

103 2626 241 2662 a&
