1788 2980
193 151 252 192 44
689 146 916 193 OVIDII
956 146 1168 193 FASTJ.
1544 146 1655 210 [Lm.

253 255 386 302 Hinc
427 255 594 317 populi
632 254 760 301 ritus
799 235 1041 301 edidicere
1081 255 1200 317 pios.

187 336 260 382 At
295 336 555 397 quondam,
598 335 714 381 dum
753 334 900 397 longa
939 338 1121 397 gerunt
1156 335 1460 397 pugnacibus
1498 335 1647 382 armis

253 415 406 472 Bella,
450 414 741 460 Parentales
783 413 1036 460 deseruere
1075 414 1193 461 dies.

99 519 152 549 425
178 495 294 541 Non
327 495 535 557 impune
573 494 703 553 fuit,
750 510 865 539 nam
904 493 1088 540 dicitur
1127 494 1287 541 omine
1328 496 1390 541 ab
1431 495 1527 541 isto

250 575 408 620 Roma
446 573 743 620 suburbanis
781 573 1042 620 incaluisse
1083 574 1230 636 rogis.

186 654 287 700 Vix
325 653 550 716 equidem
590 654 763 699 credo:
812 653 973 699 bustis
1014 652 1173 699 exisse
1213 652 1459 711 feruntur,

249 735 314 780 Et
355 734 536 780 tacitae
576 733 738 795 questi
780 736 999 795 tempore
1036 732 1197 779 noctis
1237 732 1353 792 avi,

181 815 371 878 Perque
408 815 516 862 vias
553 815 705 873 urbis,
745 815 967 876 latosque
1006 814 1221 861 ululasse
1259 830 1345 876 per
1384 830 1527 876 agros

92 922 151 952 430
241 896 499 943 Deformes
536 896 739 954 animas,
781 894 962 956 vulgus
1003 894 1163 953 inane,
1205 894 1390 941 ferunt.

180 980 302 1026 Post
340 995 396 1025 ea
434 976 691 1040 praeteriti
730 976 937 1023 tumulis
978 976 1258 1023 redduntur
1294 975 1517 1034 honores,

245 1055 589 1118 Prodigiisque
626 1054 768 1101 venit
808 1053 1163 1115 funeribusque
1201 1053 1390 1101 modus.

181 1138 313 1183 Dum
351 1141 519 1182 tamen
558 1135 677 1181 haec
706 1135 851 1193 fiunt,
894 1134 1073 1181 viduae
1111 1138 1298 1180 cessate
1336 1134 1556 1196 puellae3

198 1204 201 1207 μ
243 1217 509 1279 Exspectet
551 1231 698 1277 puros
739 1214 884 1277 pinea
925 1215 1070 1260 taeda
1108 1213 1227 1261 dies.

89 1323 144 1353 ⁴35
171 1298 275 1344 Nec
321 1297 430 1353 tibi,
469 1311 592 1357 quae
633 1295 837 1356 cupidae
875 1299 1070 1340 matura
1109 1293 1340 1341 videbere
1377 1294 1541 1353 matri,

241 1378 414 1425 Comat
454 1375 703 1438 virgineas
746 1376 894 1422 hasta
932 1391 1138 1421 recurva
1176 1391 1356 1420 comas.

178 1459 344 1506 Conde
381 1462 508 1514 tuas,
555 1456 861 1518 Hymenaee,
904 1455 1052 1513 faces,
1092 1459 1144 1501 et
1184 1455 1247 1501 ab
1289 1454 1489 1516 ignibus
1530 1454 1655 1501 atris

241 1538 429 1584 Aufer:
478 1537 666 1583 habent
706 1535 831 1582 alias
869 1538 1058 1581 maesta
1098 1534 1322 1597 sepulcra
1362 1534 1506 1580 faces.

175 1619 241 1666 Di
278 1634 469 1681 quoque
508 1615 805 1678 templorum
845 1615 1037 1661 foribus
1077 1614 1301 1661 celentur
1340 1613 1539 1676 opertis,

88 1726 145 1754 440
234 1696 363 1745 Ture
401 1700 578 1744 vacent
618 1710 745 1753 arae,
786 1698 1016 1756 stentque
1054 1693 1160 1739 sine
1198 1693 1313 1755 igne
1354 1692 1465 1739 foci.

174 1780 319 1826 Nunc
360 1777 551 1823 animae
592 1780 766 1821 tenues
791 1778 841 1820 et
880 1789 1082 1836 corpora
1122 1772 1297 1819 functa
1335 1772 1572 1835 sepulcris

240 1860 425 1905 Errant
443 1873 455 1916 3
503 1873 633 1902 nunc
672 1855 832 1918 posito
874 1854 1095 1917 pascitur
1135 1853 1310 1899 umbra
1349 1853 1472 1901 cibo.

176 1941 279 1986 Nec
304 1943 471 1985 tamen
496 1937 614 1985 haec
638 1936 786 1993 ultra,
812 1951 957 1997 quam
982 1939 1060 1980 tot
1085 1935 1144 1981 de
1170 1949 1336 1980 mense
1359 1934 1610 1996 supersint

240 2017 469 2075 Luciferi,
510 2020 630 2079 quot
668 2016 856 2062 habent
890 2014 1107 2060 carmina
1148 2018 1319 2060 nostra
1359 2014 1516 2076 pedes.

89 2126 142 2155 ⁴45
171 2100 329 2156 Hanc,
372 2097 487 2160 quia
525 2097 658 2143 iusta
696 2096 881 2153 ferunt,
925 2096 1092 2142 dixere
1132 2095 1329 2141 Feralia
1354 2093 1524 2140 lucem.

240 2178 434 2225 Ultima
473 2176 725 2240 placandis
763 2175 999 2222 Manibus
1041 2175 1129 2221 illa<
1170 2174 1288 2221 dies.

167 2346 348 2396 Magia-al
385 2347 481 2385 rides
509 2347 556 2384 in
595 2345 753 2383 honour
791 2345 838 2394 of
880 2344 1033 2391 Tacita,
1081 2344 1167 2382 that
1208 2344 1274 2382 she
1315 2356 1411 2392 may
1453 2343 1550 2382 lai-nd
1592 2343 1651 2381 the

736 2402 898 2448 tongues
925 2398 973 2447 of
982 2398 1083 2448 foas.

177 2498 296 2543 Ecce
335 2513 458 2542 anus
501 2497 553 2542 in
591 2496 765 2542 mediis
803 2495 1022 2541 residens
1059 2510 1244 2539 annosa
1286 2493 1462 2556 puellis

241 2577 388 2623 Sacra
426 2577 547 2623 facit
588 2577 802 2634 Tacitae,
841 2591 930 2622 nec
972 2580 1138 2622 tamen
1181 2575 1286 2637 ipsa
1328 2580 1483 2622 tacet.-

848 2709 913 2727 „lun
