1788 2980
39 183 104 247 vs]
694 183 853 228 MAY.
1414 183 1505 229 149

38 291 101 336 Et
135 306 278 352 quem
308 306 439 336 nunc
470 293 642 350 gentes
676 288 892 335 Tiberim
918 293 1195 350 noruntque
1219 288 1508 350 timentque,

100 371 237 416 Tunc
274 370 424 416 etiam
466 369 625 431 pecori
664 368 1003 430 despiciendus
1040 385 1188 415 eram.

39 449 246 495 Arcadis
288 449 509 495 Evandri
547 465 724 494 nomen
765 449 862 494 tibi
900 465 1041 511 saepe
1083 449 1332 495 refertur:

102 529 198 576 Ille
235 545 366 575 meas
404 529 553 576 remis
594 529 785 574 advena
823 530 974 576 torsit
1012 546 1173 591 aquas.
1541 554 1598 585 ,φο

38 610 192 657 Venit
233 614 283 656 et
322 608 539 663 Alcides,
582 609 732 654 turba
772 609 1036 655 comitatus
1077 609 1308 655 Achiva:

103 688 303 745 Albula,
346 687 388 733 si
429 687 644 744 memini,
687 692 807 732 tunc
844 688 965 733 mihi
1003 705 1180 734 nomen
1219 694 1338 735 erat.

37 768 233 830 Excipit
272 767 486 829 hospitio
526 767 755 812 iuvenem
797 767 1076 813 Pallantius
1118 769 1292 813 heros:

103 849 168 894 Et
206 847 406 894 tandem
446 847 569 892 Caco
610 847 778 893 debita
818 863 973 909 poena
1012 848 1166 894 venit.

37 927 214 973 Victor
247 926 368 984 abit,
406 943 662 988 secumque
699 928 863 984 boves,
901 927 1176 988 Erytheida
1212 930 1456 990 praedam,
1541 954 1598 984 595

102 1006 384 1053 Abstrahit.
454 1007 528 1052 At
564 1007 766 1052 comites
802 1007 996 1068 longius
1032 1007 1103 1053 ire
1139 1014 1355 1069 negant:

38 1085 316 1147 Magnaque
352 1101 463 1147 pars
493 1086 666 1131 horum
703 1087 911 1132 desertis
947 1092 1151 1132 venerat
1186 1087 1351 1150 Argis,

103 1163 363 1210 Montibus
399 1164 476 1210 his
512 1169 703 1226 ponunt
739 1181 968 1227 spemque
1004 1167 1275 1230 Laremque
1311 1183 1486 1221 suum;

36 1245 188 1306 Saepe
222 1248 388 1289 tamen
425 1244 612 1306 patriae
650 1245 782 1291 dulci
818 1250 1098 1307 tanguntur
1131 1263 1309 1304 amore,

101 1326 268 1383 Atque
303 1323 481 1386 aliquis
516 1324 729 1371 moriens
766 1326 853 1372 hoc
889 1327 1036 1373 breve
1071 1327 1275 1373 mandat
1311 1344 1460 1389 opus·
1540 1343 1600 1374 600

34 1419 232 1467 Mittite
268 1437 344 1467 me
380 1421 433 1466 in
464 1421 698 1479 Tiberim,
735 1421 984 1467 Tiberinis
1019 1425 1192 1467 vectus
1230 1424 1285 1466 ut
1323 1420 1469 1467 undis

102 1499 249 1547 Litus
282 1501 346 1547 ad
381 1502 644 1548 Inachium
679 1501 845 1564 pulvis
881 1501 1044 1547 inanis
1079 1517 1198 1547 eam.

31 1584 274 1645 Displicet
310 1583 478 1628 heredi
514 1582 737 1627 mandati
772 1597 889 1627 cura
924 1580 1162 1642 sepulcri:

99 1663 330 1708 Mortuus
365 1662 589 1708 Ausonia
623 1661 854 1707 conditur
890 1661 1064 1722 hospes
1098 1660 1273 1715 humo;

34 1743 230 1805 Scirpea
264 1759 351 1805 pro
387 1741 582 1788 domino
616 1741 782 1787 Tiberi
817 1741 1034 1786 iactatur
1068 1740 1244 1800 imago,
1536 1754 1595 1791 σος

103 1824 174 1872 Ut
206 1830 390 1883 repetat
422 1822 593 1869 Graias
629 1837 714 1882 per
766 1819 894 1866 freta
932 1819 1078 1880 longa
1115 1819 1294 1864 domos.

37 1903 324 1949 Hactenus:
371 1906 422 1948 et
457 1902 572 1948 vivo
608 1900 762 1947 subiit
797 1899 1019 1945 rorantia
1055 1915 1171 1944 saxo

102 1984 266 2028 Antra
285 1998 299 2041 3
333 1981 465 2028 leves
499 1997 695 2026 cursum
731 1979 1040 2025 sustinuistis
1077 1995 1239 2040 aquae.

0 2109 1 2179 l
41 2144 137 2192 May
179 2142 284 2192 15512,
326 2142 388 2181 Id.
435 2140 842 2180 Mai.—Dedication
871 2141 917 2189 of
949 2141 1011 2179 the
1050 2141 1190 2189 temple
1232 2141 1279 2189 os
1313 2141 1512 2189 Morcury.

615 2194 697 2232 Has
725 2194 946 2233 attributes.
1191 2233 1196 2237 .

0 2294 3 2352 ἰ
43 2301 184 2347 Clare
219 2316 368 2362 nepos
403 2298 646 2355 Atlantis,
682 2299 814 2355 ades,
851 2313 993 2359 quem
1028 2297 1280 2342 montibus
1314 2297 1431 2343 olim

109 2379 282 2426 Edidit
315 2378 545 2424 Arcadiis
581 2378 745 2424 Pleias
780 2394 879 2422 una
914 2377 1037 2423 Iovi.
1539 2391 1599 2422 610

43 2460 184 2506 Pacis
220 2464 270 2505 et
305 2474 551 2504 armorum
585 2458 774 2519 superis
809 2457 1014 2518 imisque
1049 2457 1248 2502 deorum

110 2539 330 2596 Arbiter,
366 2538 499 2583 alato
534 2538 618 2599 qui
653 2538 774 2599 pede
810 2537 968 2599 carpis
1004 2536 1133 2594 iter;

47 2619 196 2664 Laete
229 2617 365 2680 lyrae
399 2616 559 2679 pulsu,
595 2617 757 2663 nitida
790 2632 979 2679 quoque
1015 2616 1141 2663 laete
1180 2616 1441 2679 palaestra,
