1788 2980
242 161 302 206 30
740 157 968 204 OVJDJJ
1010 155 1221 203 ΜΕΝ.
1583 150 1702 218 [mn.
1769 126 1788 225 η’

219 322 427 371 February
456 320 551 369 2nd,
584 319 667 359 aaz.
702 320 781 359 JV.
816 319 922 359 Non.
956 317 1260 367 Γρᾶ-δεκίης
1290 317 1335 367 ‚f
1358 316 1471 367 [syra
1498 316 1583 355 and
1611 315 1700 354 Leo.
1752 299 1788 391 j

214 428 474 476 Proximus
509 426 779 489 Hesperias
814 426 964 472 Titan
999 425 1227 472 abiturus
1263 424 1316 471 in
1351 424 1509 471 undas
1785 488 1788 491 .

278 509 506 555 Gemmea
540 506 797 570 purpureis
832 522 943 552 cum
976 505 1093 568 iuga
1128 505 1291 551 demet
1325 503 1477 566 equis,
1511 519 1591 535 ι
1778 502 1788 565 3

147 613 182 642 75
209 587 307 633 Illa
342 590 486 633 noete
520 585 700 648 aliquis
735 585 918 632 tollens
953 585 1015 631 ad
1050 584 1212 631 sidera
1246 583 1443 630 vultum
1754 574 1788 693 j

276 667 450 714 Dicet:
486 666 591 714 Ubi
626 670 701 713 est
735 666 896 724 hodie,
931 681 1054 727 quae
1090 665 1222 727 Lyra
1255 663 1400 710 fulsit
1434 663 1575 710 heri?
1779 717 1788 730 A

212 750 438 811 Dumque
474 749 656 809 Lyram
690 751 908 809 quaeret,
945 745 1096 793 medii
1129 760 1320 807 quoque
1355 748 1495 806 terga
1531 741 1707 790 Leonis
1744 742 1763 765 ³

279 829 340 875 In
375 827 586 891 liquidas
623 827 789 874 subito
824 842 984 873 mersa
1017 825 1215 872 notabit
1248 840 1410 887 aquas.

227 991 435 1042 February
465 991 545 1039 4th,
571 990 686 1029 Prid.
712 990 819 1030 Non.
853 989 1092 1029 Feb.-The
1121 989 1239 1038 Story
1267 989 1314 1038 os
1336 987 1485 1036 Arion,
1508 986 1709 1038 maye-md

623 1044 672 1094 by
700 1044 762 1083 tlw
789 1044 933 1094 πεδίοις]
960 1043 1007 1094 qf
1029 1043 1092 1082 the
1119 1042 1315 1093 Dolphin.

116 1160 117 1166 ¹
210 1142 364 1198 Quem
398 1141 540 1188 modo
576 1139 819 1186 caelatum
854 1139 1015 1186 stellis
1049 1138 1300 1201 Delphina
1334 1136 1552 1196 videbas,

145 1240 183 1269 ³0
267 1222 320 1268 Is
354 1220 515 1283 fugiet
550 1220 685 1267 visus
721 1224 864 1267 nocte
900 1223 1134 1282 sequente
1170 1223 1284 1265 tuos
1299 1235 1313 1278 3

209 1303 303 1350 Seu
339 1302 439 1349 fuit
474 1302 680 1349 occultis
715 1302 838 1348 felix
872 1301 926 1348 in
961 1301 1211 1348 amoribus
1247 1301 1411 1359 index,

279 1383 488 1432 Lesbida
522 1399 633 1430 cum
668 1382 865 1430 domino
901 1398 987 1430 seu
1022 1382 1144 1428 tulit
1179 1382 1265 1429 ille
1299 1382 1471 1444 lyram.

208 1461 349 1518 Quod
381 1480 514 1510 mare
550 1461 649 1510 non
685 1463 841 1522 novit,
877 1479 1001 1526 quae
1036 1462 1193 1510 nescit
1227 1462 1419 1510 Ariona
1454 1463 1604 1510 tellus
1618 1449 1639 1509 '2
1695 1496 1697 1499 .

275 1545 502 1592 Carmine
537 1548 792 1592 currentes
827 1544 912 1602 ille
948 1543 1153 1592 tenebat
1187 1560 1353 1606 aquas.
1763 1555 1788 1610 «ι

143 1640 179 1680 85
205 1626 355 1688 Saepe
391 1642 597 1688 sequens
633 1641 811 1688 agnam
845 1625 990 1688 lupus
1026 1631 1102 1673 est
1137 1643 1166 1671 a
1202 1642 1318 1673 voce
1353 1631 1590 1685 retentus,

235 1713 237 1717 ’
273 1706 426 1768 Saepe
460 1705 662 1752 avidum
697 1705 894 1768 fugiens
930 1705 1120 1752 restitit
1155 1723 1282 1768 agna
1319 1708 1524 1770 lupum3
1613 1714 1616 1718 '

208 1786 359 1848 Saepe
394 1801 538 1832 canes
574 1786 858 1847 leporesque
894 1786 1069 1831 umbra
1103 1787 1314 1833 cubuere
1350 1788 1441 1834 sub
1477 1804 1589 1846 una,

0 1880 215 1889 r-—d
272 1866 340 1912 Et
374 1865 519 1912 stetit
553 1864 606 1911 in
641 1880 756 1912 saxo
792 1865 1014 1928 proxima
1049 1881 1192 1913 cerva
1229 1867 1361 1927 leae3

208 1947 274 1993 Et
309 1946 414 1993 sine
449 1946 538 1992 lite
574 1945 754 2008 loquax
782 1962 892 1992 cum
927 1946 1148 1993 Palladis
1182 1947 1302 1994 alite
1337 1948 1506 1995 cornix

54 2020 181 2082 3⁷30
263 2026 417 2085 Sedit,
453 2030 504 2073 et
540 2025 762 2090 accipitri
797 2025 967 2073 iuncta
1000 2027 1225 2074 columba
1259 2027 1371 2075 fuit,

202 2106 419 2168 Cynthia
454 2098 597 2169 saepe
616 2093 733 2153 tuis
767 2105 943 2165 fertur,
980 2107 1163 2154 vocalis
1197 2108 1372 2166 Arion,

273 2186 544 2249 Tamquam
579 2186 817 2233 fraternis
853 2186 1169 2249 obstupuisse
1203 2189 1373 2236 modis.

207 2267 400 2313 Nomen
434 2266 699 2313 Arionium
735 2267 923 2313 Siculas
959 2267 1251 2329 impleverat
1287 2271 1446 2329 urbes,
1754 2300 1788 2349 ἐ,

273 2347 521 2409 Captaque
558 2351 664 2393 erat
699 2347 868 2408 lyriciS
902 2347 1121 2394 Ausonis
1156 2365 1242 2395 ora
1276 2350 1422 2397 sonis.
1786 2345 1788 2347 ¹

139 2452 176 2483 95
203 2427 327 2474 [nde
363 2428 560 2474 domum
595 2432 822 2491 repetens
859 2435 1060 2491 puppim
1095 2431 1380 2477 conscendit
1416 2431 1592 2488 Arion,

269 2506 438 2568 Atque
472 2506 545 2554 ita
577 2506 824 2569 quaesitas
858 2511 965 2554 arte
1000 2507 1192 2554 ferebat
1226 2525 1354 2572 opes.

206 2586 448 2645 Forsitan,
487 2586 676 2646 infelix,
714 2592 889 2635 ventos
924 2592 1202 2652 undamque
1237 2591 1449 2638 timebas
1465 2607 1480 2651 3
