1788 2980
192 191 283 242 180
685 197 722 243 Ο
733 191 911 242 VIDI]
954 191 1034 242 ΡΑ
1042 190 1172 261 SPJ„
1534 199 1599 263 [m
1610 209 1649 248 Β.

187 304 350 350 Lucus
383 320 495 351 eum
530 304 837 366 nemorisque
873 303 949 351 sui
983 303 1237 366 Dictynna
1271 320 1460 352 recessu

253 385 393 431 Celat
411 400 425 443 3
460 384 665 431 Aricino
700 383 908 430 Virbius
943 383 1028 430 ille
1063 384 1186 432 lacu.

184 466 257 510 At
295 465 561 526 Clymenus
597 464 870 525 Clothoque
906 463 1089 522 dolent,
1127 464 1259 523 haec,
1296 465 1378 511 fila
1412 466 1584 524 reneri,

249 543 363 601 Hic,
400 543 506 589 fieri
540 542 680 604 regni
715 542 823 588 iura
857 542 1047 589 minora
1081 543 1169 590 sui.

134 645 149 675 5
177 622 412 684 Juppiter
447 621 723 684 exemplum
758 621 948 667 veritus
984 622 1167 668 direxit
1202 621 1255 668 in
1290 623 1431 669 illum

248 700 493 758 Fulmina,
531 700 615 762 qui
651 700 831 746 nimiae
866 706 1088 748 moverat
1122 701 1245 748 artis
1282 718 1433 764 opem.

181 779 390 840 Phoebe,
431 780 726 841 querebaris·
801 781 936 827 Deus
972 785 1062 839 est,
1099 781 1291 843 placare
1327 782 1521 844 parenti
1538 797 1551 841 3

247 859 457 921 Propter
491 864 556 917 te,
592 859 697 905 fieri
731 860 859 921 quod
896 864 1051 918 vetat,
1088 860 1191 922 ipse
1225 860 1362 907 facit.

263 1013 372 1052 sze
401 1012 515 1061 23rd,
550 1012 635 1052 ad.
671 1012 754 1054 IX.
787 1012 890 1054 Kal.
921 1012 1311 1053 qu.—Flammius
1338 1014 1560 1064 conquered.

176 1120 290 1167 Non
326 1137 413 1182 ego
448 1125 514 1179 te,
550 1121 775 1183 quamvis
811 1121 1093 1185 properabis
1117 1122 1326 1179 vincere,
1366 1122 1558 1180 Caesar,

79 1219 140 1258 670
239 1201 291 1247 Si
327 1205 464 1247 vetet
499 1200 787 1263 auspicium,
825 1201 967 1264 signa
999 1218 1195 1249 movere
1230 1202 1393 1248 velim.

177 1281 290 1326 Sint
325 1280 420 1326 tibi
456 1280 731 1327 Flaminius
765 1280 1148 1343 Trasimenaque
1184 1282 1332 1327 litora
1367 1286 1535 1339 testes,

245 1360 342 1406 Per
376 1361 600 1407 volucres
634 1375 813 1422 aequos
848 1361 1008 1407 multa
1043 1377 1238 1408 monere
1275 1362 1402 1408 deos.

173 1440 411 1503 Tempora
447 1439 489 1486 si
523 1439 708 1486 veteris
742 1440 938 1502 quaeris
979 1441 1242 1487 temeraria
1278 1441 1458 1499 damni,

239 1519 455 1575 Quartus
489 1519 552 1565 ab
587 1523 806 1566 extremo
841 1536 1007 1567 mense
1042 1519 1118 1566 bis
1154 1521 1238 1567 ille
1274 1521 1389 1567 dies.

165 1674 274 1713 June
320 1674 428 1723 24th‚
472 1674 559 1716 md.
615 1675 739 1716 VIII.
786 1675 888 1716 Kal.
931 1674 1247 1767 Reli—Syphax
1284 1675 1369 1714 and
1406 1675 1646 1714 Hasdrubal

794 1740 982 1779 conquere
1015 1759 1024 1768 .

86 1830 145 1869 675
172 1820 381 1867 Postera
417 1820 503 1865 lux
538 1820 723 1867 melior.
796 1821 1005 1882 Superat
1042 1820 1310 1866 Masinissa
1346 1821 1614 1883 Syphacem
1632 1838 1646 1881 3

239 1900 304 1947 Et
328 1900 505 1947 cecidit
537 1900 652 1946 telis
676 1900 965 1946 Hasdrubal
1000 1900 1103 1962 ipse
1138 1900 1254 1946 suis.

336 2048 416 2088 The
435 2049 607 2098 festival
638 2051 687 2100 os
708 2049 808 2088 Fors
837 2050 1022 2088 Fortuna
1050 2063 1100 2089 on
1128 2050 1190 2089 the
1218 2051 1326 2089 river
1355 2050 1472 2091 bank.

173 2152 411 2214 Tempora
445 2151 698 2210 labuntur,
736 2153 997 2214 tacitisque
1034 2154 1328 2200 senescimus
1362 2153 1519 2211 annis,

239 2232 304 2277 Et
339 2230 558 2293 fugiunt,
596 2232 735 2277 freno
772 2248 870 2277 non
906 2238 1196 2290 remorante,
1236 2234 1348 2280 dies.

169 2311 325 2366 Quam
359 2311 458 2358 cito
494 2316 740 2358 venerunt
776 2313 1025 2358 Fortunae
1061 2314 1226 2359 Fortis
1263 2314 1500 2360 honores!

79 2406 141 2437 ⁶30
231 2391 352 2436 Post
388 2395 573 2453 septem
611 2391 741 2437 luces
777 2391 952 2437 Iunius
987 2396 1126 2438 actus
1161 2393 1289 2451 erit3

170 2471 265 2528 Ite,
302 2471 442 2516 deam
477 2471 596 2517 laeti
633 2472 830 2516 Fortem
864 2470 1122 2529 celebrate,
1158 2472 1404 2526 Quirites:

233 2549 296 2594 In
330 2549 523 2595 Tiberis
558 2549 665 2612 ripa
699 2565 903 2596 munera
936 2549 1066 2612 regis
1101 2550 1265 2597 habet.

166 2632 291 2677 Pars
331 2630 452 2690 pede
499 2645 614 2690 pars
649 2629 799 2675 etiam
834 2629 980 2676 celeri
1017 2630 1261 2677 decurrite
1300 2631 1500 2693 cymba;
