1788 2980
0 1924 68 1951 wqx

213 173 272 222 16
708 171 906 220 OVIDI
904 172 936 217 I
978 171 1188 218 FASTI.
1560 169 1678 237 [mn.

209 281 305 329 Ille
341 297 428 329 sua
463 280 639 328 faciem
674 278 989 327 transformis
1024 279 1276 326 adulterat
1310 283 1450 339 arte3

274 360 395 408 Mox
432 360 649 408 domitus
683 359 863 407 vinclis
898 359 949 406 in
988 376 1075 406 sua
1110 360 1328 407 membra
1362 359 1509 420 redit,

122 467 178 496 375
204 440 397 504 Oraque
431 441 653 489 caerulea
687 440 869 488 tollens
904 440 1126 487 rorantia
1160 440 1328 499 barba,

274 522 394 581 Qua,
432 521 577 580 dixit,
614 537 808 585 repares
843 525 951 569 arte
987 520 1196 584 requiris
1231 523 1377 584 apes?

210 603 375 652 Obrue
409 601 613 650 mactati
648 618 823 666 corpus
857 601 1037 648 tellure
1072 600 1297 661 iuvenci;

274 683 412 740 Quod
449 681 579 746 petis
612 698 642 728 a
677 680 835 739 nobis,
872 681 1081 729 obrutus
1116 674 1202 727 ille
1236 680 1388 730 dabit.

209 764 350 811 Iussa
384 763 506 810 facit
541 767 739 826 pastor3
777 761 974 809 fervent
1009 761 1235 809 examina
1270 761 1405 825 putri

121 861 179 900 380
268 846 345 892 De
380 845 541 897 bove3
575 843 712 890 mille
747 843 936 890 animas
972 859 1070 889 una
1105 847 1279 890 necata
1315 843 1466 890 dedit.

238 1005 343 1056 Why
371 1005 434 1045 the
461 1004 586 1055 sheep,
619 1003 682 1044 the
714 1003 835 1053 horse,
868 1003 931 1043 the
959 1004 1075 1053 nimi,
1109 1003 1171 1043 the
1198 1002 1282 1055 ἄορ,
1318 1003 1403 1044 and
1431 1004 1541 1045 birds
1568 1018 1638 1046 are

827 1057 1048 1108 samflced.

207 1161 374 1209 Pascit
408 1161 514 1210 ovis
550 1167 780 1225 pratum:
814 1163 1054 1210 verbenas
1077 1163 1300 1227 improba
1332 1164 1529 1228 carpsit,

271 1241 403 1298 Quas
438 1242 519 1306 pia
554 1242 630 1290 dis
664 1242 795 1291 ruris
829 1243 958 1290 ferre
995 1243 1185 1290 solebat
1220 1261 1355 1292 anus.

204 1321 333 1379 Quid
369 1322 469 1368 tuti
506 1327 742 1385 superest,
778 1322 995 1369 animam
1029 1340 1140 1370 cum
1174 1329 1327 1387 ponat
1361 1324 1412 1371 in
1448 1326 1547 1373 aris

272 1401 667 1465 Lanigerumque
702 1418 848 1465 pecus
883 1402 1216 1466 ruricolaeque
1249 1404 1431 1452 boves‘l

108 1499 165 1538 335
200 1482 373 1530 Placat
406 1498 530 1545 equo
565 1482 731 1529 Persis
765 1483 921 1530 radiis
956 1483 1246 1547 Hyperiona
1280 1485 1511 1545 cinctum,

269 1562 348 1609 Ne
384 1562 531 1609 det-ur
564 1561 710 1609 celeri
746 1562 950 1609 victima
985 1564 1128 1611 tarda
1163 1565 1265 1612 deo,

204 1643 342 1700 Quod
379 1641 527 1690 semel
562 1646 638 1689 est
674 1642 861 1706 triplici
901 1660 989 1706 pro
1024 1644 1217 1708 virgine
1252 1662 1390 1693 caesa
1426 1646 1629 1706 Dianae,

268 1723 417 1770 Nunc
450 1738 641 1785 quoque
676 1739 762 1786 pro
799 1723 937 1770 nulla
972 1723 1165 1787 virgine
1201 1741 1344 1773 cerva
1380 1727 1540 1775 datur.

205 1804 335 1850 Exta
367 1818 543 1850 canum
569 1800 676 1851 vidi
700 1802 899 1851 Triviae
934 1803 1089 1851 libare
1125 1805 1333 1868 Sapaeos

118 1908 175 1938 ,φ
264 1883 332 1929 Et
365 1881 655 1945 quicumque
689 1885 802 1929 tuas
836 1882 1025 1942 accolit,
1063 1884 1264 1945 Haeme‚
1303 1886 1455 1933 nives.

206 1962 431 2008 Intactae
467 1960 676 2008 fueratis
711 1977 842 2021 aves,
881 1962 1057 2009 solatia
1092 1964 1236 2023 ruris,

268 2041 538 2088 Assuetum
574 2040 715 2088 silvis
749 2039 1108 2106 innocuumque
1142 2061 1311 2107 genus,

203 2121 338 2177 Quae
374 2119 540 2167 facitis
575 2119 733 2179 nidos,
770 2125 820 2168 et
857 2120 1037 2184 plumis
1073 2140 1165 2170 ova
1201 2124 1396 2184 fovetiS‚

270 2200 336 2247 Et
372 2199 507 2246 facili
544 2199 710 2247 dulces
744 2200 893 2247 editis
929 2217 1011 2249 ore
1046 2203 1226 2250 modos.

115 2305 172 2337 395
197 2280 290 2327 Sed
328 2278 452 2326 nihil
488 2278 586 2326 ista
619 2278 810 2338 iuvant,
846 2279 961 2343 quia
995 2281 1194 2344 linguae
1228 2283 1410 2330 crimen
1452 2285 1660 2344 habetis,

267 2359 429 2421 Dique
464 2363 646 2422 putant
682 2365 872 2407 mentes
907 2377 995 2408 vos
1030 2362 1219 2424 aperire
1256 2381 1381 2411 suas.

203 2440 305 2486 Nec
326 2444 490 2486 tamen
515 2439 605 2487 hoc
630 2439 839 2487 falsum:
866 2458 992 2500 nam,
1015 2441 1091 2488 dis
1117 2447 1173 2489 ut
1197 2444 1418 2505 proxima
1442 2462 1670 2509 quaeque,

268 2519 317 2564 N
321 2535 415 2565 unc
450 2535 612 2582 penna
647 2536 802 2579 veras,
840 2538 970 2568 nunc
1006 2521 1137 2568 datis
1172 2539 1254 2569 ore
1289 2529 1444 2571 notas.
1494 2546 1495 2549 ¹

202 2597 332 2643 Tuta
369 2598 453 2644 diu
489 2599 744 2647 volucrum
779 2601 939 2663 proles
976 2606 1083 2648 tum
1119 2602 1328 2665 denique
1364 2620 1503 2652 caesa
1537 2610 1627 2664 est,
