1788 2980
278 200 367 248 164
774 199 1002 246 OVJDJJ
1044 199 1255 246 ΜΕΝ.
1630 197 1745 260 μω.

271 308 419 354 Nunc
454 324 658 370 quoque,
699 325 811 354 cum
847 308 976 354 fiunt
1014 308 1249 370 antiquae
1290 323 1426 353 sacra
1466 307 1714 358 Vacunae,

187 413 246 442 270
334 389 471 434 Ante
507 388 788 435 Vacunales
830 392 1063 449 stantque
1099 387 1367 448 sedentque
1404 386 1548 432 focos.

272 468 430 514 Venit
467 468 519 513 in
560 467 648 514 hos
690 483 846 514 annos
886 467 1074 528 aliquid
1114 467 1172 513 de
1212 481 1345 512 more
1386 470 1618 522 vetust03

339 549 458 595 Fert
498 548 672 594 missos
710 548 895 594 Vestae
934 564 1058 609 pura
1095 547 1280 609 patella
1319 546 1466 592 cibos.

274 628 411 685 Ecce,
454 627 700 674 coronatis
738 627 880 689 panis
921 627 1166 688 dependet
1206 626 1374 672 asellis

339 708 406 752 Et
443 707 615 753 velant
653 707 848 752 scabras
890 707 1036 752 florea
1073 710 1206 752 serta
1243 706 1412 752 molas.

187 812 243 841 275
269 786 382 832 Sola
422 786 557 848 prius
596 785 758 831 furnis
799 787 1058 832 torrebant
1097 785 1234 831 farra
1275 785 1468 843 coloni;

340 867 407 911 Et
443 865 700 911 Fornacali
739 870 856 911 sunt
895 882 982 910 sua
1023 881 1159 910 sacra
1204 865 1337 911 deae.

273 945 591 1007 suppositum
622 945 774 991 cineri
812 961 987 1006 panem
1025 944 1163 991 focus
1202 945 1306 1007 ipse
1350 945 1573 1007 parabat,

339 1024 602 1086 Strataque
642 1028 750 1070 erat
786 1024 953 1086 tepido
995 1023 1165 1085 tegula
1201 1040 1379 1086 quassa
1417 1025 1535 1070 solo.

274 1105 398 1150 Inde
437 1104 600 1151 focum
641 1108 806 1150 servat
832 1104 988 1166 pistor
1029 1104 1374 1166 dominamque
1398 1104 1615 1150 focorum

187 1201 246 1230 εεο
335 1185 400 1230 Et
440 1200 563 1246 quae
604 1184 848 1247 pumiceas
889 1189 1057 1230 versat
1094 1185 1248 1230 asella
1285 1184 1454 1230 molas.

284 1363 430 1411 Oriqin
457 1362 505 1411 os
525 1361 587 1400 the
614 1361 727 1399 altar
754 1361 801 1411 of
821 1360 988 1409 Jupiter
1021 1359 1106 1398 ‘the
1135 1358 1300 1406 Bam-eff
1332 1372 1376 1397 or
1408 1358 1421 1379 ‘
1439 1359 1500 1397 the
1530 1359 1703 1396 Brm‘sm·
1723 1358 1731 1374 '

279 1468 492 1515 Nomine
532 1484 679 1531 quam
715 1468 875 1530 pretio
915 1467 1208 1514 celebratior
1245 1483 1352 1513 arce
1390 1466 1644 1523 Tonantis,

338 1546 527 1603 Dicam,
566 1545 779 1591 Pistoris
819 1544 937 1606 quid
962 1544 1086 1590 velit
1111 1560 1197 1589 ara
1237 1544 1386 1590 Iovis.

275 1625 450 1671 Cincta
490 1625 841 1686 premebantur
881 1623 1105 1670 trucibus
1144 1623 1389 1685 Capitolia
1428 1623 1583 1669 Gallis
1601 1638 1614 1680 3

339 1707 541 1751 Fecerat
582 1704 772 1770 obsidio
812 1704 910 1749 iam
952 1704 1190 1749 diuturna
1226 1703 1419 1750 famem.

305 1872 421 1910 Mars
442 1871 588 1921 pleacls
616 1871 741 1921 before
770 1872 935 1921 Jupiter
963 1872 1028 1912 for
1054 1873 1178 1911 Rome
1206 1873 1376 1922 besieqed
1405 1874 1455 1923 by
1483 1874 1545 1912 the
1577 1874 1720 1913 Gamla».

189 1996 247 2034 285
272 1980 513 2041 Iuppiter,
553 1979 614 2025 ad
653 1979 831 2025 solium
872 1979 1071 2041 Superis
1112 1980 1276 2043 regale
1316 1981 1518 2038 vocatis,

344 2058 528 2120 Incipe,
571 2058 644 2104 ait
682 2057 855 2104 Marti.
928 2058 1165 2105 Protinus
1202 2059 1287 2106 ille
1324 2059 1508 2106 refert:

278 2137 475 2184 Scilicet
517 2137 744 2199 ignotum
782 2141 873 2194 est,
916 2154 1038 2199 quae
1076 2138 1143 2184 sit
1183 2138 1386 2185 fortuna
1422 2155 1640 2186 meorum
1661 2159 1673 2199 ;

342 2217 408 2262 Et
433 2216 572 2262 dolor
608 2216 687 2261 hic
728 2216 881 2262 animi
922 2233 1038 2262 voce
1079 2218 1331 2278 querentis
1373 2224 1498 2279 eget.

275 2297 327 2343 Si
363 2301 545 2353 tamen,
588 2301 646 2341 ut
685 2296 895 2341 referam
933 2297 1153 2342 breviter
1189 2298 1316 2342 mala
1355 2298 1523 2343 iuncta
1561 2299 1750 2360 pudori?

186 2397 246 2429 290
337 2375 540 2437 Exigis:
588 2375 775 2437 Alpino
814 2377 973 2422 Roma
1015 2377 1105 2422 sub
1144 2377 1284 2423 hoste
1323 2378 1462 2424 iacet.

276 2456 413 2501 Haec
455 2460 544 2512 est,
582 2455 660 2501 cui
701 2455 866 2501 fuerat
906 2455 1144 2517 promissa
1181 2457 1404 2517 potentia
1440 2474 1618 2516 rerum,

343 2535 601 2596 Iuppiter'l
650 2535 774 2580 hanc
816 2535 962 2580 terris
1000 2534 1321 2597 impositurus
1359 2539 1497 2584 eras'l

281 2615 481 2676 Iamque
519 2615 826 2662 suburbanos
868 2616 1172 2677 Etruscaque
1213 2618 1441 2664 contudit
1481 2634 1648 2676 anna;
