1788 2980
287 167 376 212 126
779 169 1006 215 ΘΗΜ]
1044 169 1252 214 FASTJ.
1627 154 1788 232 [mm

261 278 410 338 Saepe
447 277 626 338 aliquis
666 277 786 323 solio
827 278 954 340 quod
994 282 1066 333 tu,
1109 277 1336 335 Saturne,
1378 279 1595 334 tenebas,

196 384 233 404 to
322 358 488 403 Ausus
527 358 586 403 de
627 357 786 404 media
827 357 966 419 plebe
1004 357 1169 403 sedere
1209 357 1355 416 deus,

266 438 326 482 Et
363 437 494 483 latus
532 438 721 483 Oceano
758 438 920 499 quivis
959 439 1077 483 deus
1117 437 1308 484 advena
1344 436 1523 494 iunxit,

327 518 392 562 Et
427 517 624 563 Themis
665 523 882 563 extremo
925 534 1066 579 saepe
1104 522 1297 580 recepta
1334 517 1438 564 loco
1478 522 1585 576 est3

266 598 432 642 Donec
473 597 662 654 Honor,
704 597 989 659 placidoque
1027 598 1200 643 decens
1239 597 1539 644 Reverentia
1575 597 1719 643 vultu
1756 635 1772 658 ‚

328 676 540 737 Corpora
582 676 816 738 legitimis
853 676 1125 738 imposuere
1162 677 1298 723 toris.

198 782 233 810 25
260 756 392 801 Hinc
430 761 539 802 sata
578 756 830 813 Maiestas,
856 773 979 818 quae
1003 757 1240 802 mundum
1265 761 1508 818 temperat
1545 771 1746 810 omnem:

327 835 526 896 Quaque
563 835 640 880 die
677 840 821 897 partu
861 840 936 881 est
972 835 1121 893 edita,
1160 851 1338 897 magna
1374 835 1487 881 fuit.

262 915 364 961 Noc
404 931 565 960 mora:
613 915 834 961 consedit
876 915 1034 961 modio
1075 915 1300 961 sublimis
1342 915 1563 977 Olympo,

327 996 510 1051 Aurea,
551 1011 792 1057 purpureo
830 995 1172 1057 conspicienda
1209 995 1333 1043 sinu,

263 1075 535 1121 Consedere
574 1074 718 1120 simul
763 1075 930 1120 Pudor
971 1080 1020 1121 et
1059 1075 1241 1121 Metus.
1313 1075 1468 1121 Omne
1510 1074 1700 1121 videres

198 1178 238 1209 30
327 1153 522 1198 Numen
565 1153 625 1197 ad
667 1152 791 1197 hanc
830 1152 1000 1198 vultus
1039 1151 1364 1214 composuisse
1405 1168 1531 1198 suoS.

263 1231 498 1277 Prot-inus
535 1231 746 1277 intravit
788 1236 975 1277 mentes
1018 1236 1273 1293 suspectus
1310 1231 1547 1277 honorum
1566 1247 1578 1289 3

333 1311 413 1356 Fit
450 1312 659 1372 pretium
700 1310 877 1372 dignis,
917 1326 1004 1356 nec
1043 1311 1137 1357 sibi
1177 1311 1381 1372 quisque
1418 1309 1591 1372 placet.

338 1459 418 1497 The
449 1459 621 1509 Majescgs
650 1460 695 1508 os
719 1460 780 1497 the
808 1460 901 1509 yods
931 1460 1115 1498 attach-ecl
1143 1462 1191 1498 in
1221 1462 1318 1498 vain
1346 1460 1394 1509 by
1422 1459 1484 1498 the
1516 1460 1672 1499 Giants.

266 1554 362 1599 Hic
404 1559 566 1599 status
603 1553 652 1598 in
695 1553 828 1600 caelo
869 1554 1051 1600 multos
1089 1555 1358 1616 permansit,
1397 1553 1448 1599 in
1487 1569 1654 1609 annos,

332 1635 461 1679 Dum
504 1633 665 1679 senior
702 1633 820 1680 fatis
860 1633 1045 1680 excidit
1085 1651 1194 1680 arce
1236 1635 1365 1681 deus,

192 1739 237 1769 735
261 1714 412 1759 Terra
450 1713 579 1759 feros
619 1719 806 1776 partus,
848 1714 1080 1760 immania
1120 1720 1353 1770 monstra,
1395 1714 1635 1775 Gigantas

335 1793 519 1850 Edidit,
558 1810 761 1839 ausuros
801 1795 852 1839 in
892 1794 1027 1840 Iovis
1066 1794 1137 1840 ire
1179 1795 1387 1841 domum.

268 1874 409 1919 Mille
447 1889 619 1918 manus
657 1873 757 1919 illis
800 1873 951 1931 dedit,
994 1879 1043 1919 et
1081 1890 1166 1935 pro
1204 1874 1428 1920 eruribus
1467 1890 1665 1935 angues,

334 1955 499 2013 Atque
536 1952 622 2009 ait,
662 1954 724 1998 In
762 1970 965 2015 magnos
1004 1970 1140 1999 arma
1177 1958 1370 1999 movete
1409 1955 1537 2000 deos,

269 2034 535 2079 Exstruere
576 2032 626 2078 hi
667 2038 858 2080 montes
895 2034 955 2079 ad
995 2034 1155 2080 sidera
1195 2050 1382 2079 summa
1420 2034 1672 2095 parabant,

203 2140 242 2167 ρο
334 2115 397 2158 Et
434 2130 665 2175 magnum
707 2115 834 2160 bello
876 2114 1142 2160 sollicitare
1184 2115 1366 2159 Iovem.

269 2193 497 2239 Fulmina
537 2195 596 2240 de
635 2194 755 2240 caeli
797 2194 1040 2240 iaculatus
1078 2194 1303 2256 Iuppiter
1340 2210 1447 2240 arce

335 2271 506 2316 Vertit
545 2272 596 2317 in
637 2276 859 2318 auctores
900 2272 1114 2333 pondera
1152 2275 1294 2316 vasta
1331 2287 1456 2319 suos,

270 2352 365 2397 His
402 2352 525 2397 bene
566 2352 804 2398 Maiestas
844 2351 992 2397 armis
1031 2350 1231 2397 defensa
1273 2351 1468 2396 deorum

334 2431 531 2489 Restat,
573 2436 624 2477 et
660 2447 721 2477 ex
757 2431 842 2477 illo
881 2436 1097 2492 tempore
1136 2430 1271 2476 culta
1310 2436 1487 2476 manet.

205 2536 239 2564 45
266 2511 468 2556 Assidet
508 2511 622 2557 inde
664 2511 802 2557 Iovi:
851 2511 984 2557 Iovis
1022 2515 1098 2557 est
1137 2511 1372 2556 fidissima
1410 2515 1586 2565 custos,

340 2591 401 2636 Et
438 2596 658 2652 praestat
701 2591 805 2636 sine
845 2591 893 2636 vi
937 2594 1127 2652 sceptra
1167 2594 1334 2635 tenero
1378 2590 1498 2635 Iovi.
