1788 2980
137 790 312 837 Omnia
345 795 465 836 tunc
500 791 689 849 florent,
726 795 845 837 tunc
881 795 956 836 est
991 807 1119 836 nova
1154 791 1388 853 temporis
1422 795 1570 848 aetas,

71 973 80 1058 -ae-x...

129 142 187 208 1.]
681 141 1009 188 JANUARY.

132 308 233 350 Ovid
268 307 361 347 asks
398 308 536 347 Janus
562 307 654 357 why
682 307 744 346 the
779 320 875 357 year
901 307 990 346 does
1017 313 1082 345 not
1121 307 1233 358 beqin
1260 308 1307 347 in
1334 307 1490 357 eprinq-
1479 307 1602 346 -time.

674 361 827 411 Sprinq
854 360 961 400 desc]
964 360 1065 403 ibed.

117 470 327 533 ‘Sumpsi
361 469 592 532 animum,
631 474 890 532 gratesque
926 471 1016 517 deo
1051 486 1149 516 non
1185 470 1392 517 territus
1427 471 1519 532 egi,

198 550 460 612 Verbaque
496 565 603 596 sum
639 554 864 612 spectans
900 566 1053 613 pauca
1088 550 1282 596 locutus
1317 549 1551 595 humum:

135 630 241 691 Dic,
280 646 401 692 age:
452 629 722 692 frigoribus
756 645 906 691 quare
941 646 1099 677 novus
1133 629 1309 692 incipit
1344 645 1518 687 annus,

201 710 296 766 Qui
330 710 505 757 melius
541 726 627 773 per
661 726 749 757 ver
782 710 1090 773 incipiendus
1126 713 1264 757 erat?

203 872 270 918 Et
303 887 431 917 nova
466 872 525 917 de
561 870 765 933 gravido
800 871 1003 934 palmite
1038 887 1230 933 gemma
1264 876 1438 930 tumet,

139 953 204 998 Et
238 951 380 998 modo
415 950 641 997 formatis
677 942 898 1014 operitur
927 939 1193 998 ‘frondibus
1228 951 1384 1009 arbos,

205 1031 381 1078 Prodit
417 1035 468 1077 et
502 1031 554 1076 in
591 1047 834 1077 summum
868 1031 1068 1078 seminis
1103 1032 1256 1078 herba
1290 1032 1462 1088 solum,

142 1114 206 1158 Et
241 1111 465 1174 tepidum
499 1112 722 1159 volucres
757 1113 1076 1160 concentibus
1112 1117 1224 1159 a'e'ra
1259 1112 1489 1170 mulcent,

209 1192 362 1239 Ludit
396 1197 447 1239 et
481 1192 534 1238 in
568 1193 726 1255 pratis
761 1193 1077 1255 luxuriatque
1112 1210 1272 1257 pecus,

141 1275 267 1320 Tum
301 1273 472 1319 blandi
507 1273 647 1328 soles,
684 1273 950 1336 ignotaque
985 1274 1152 1336 prodit
1185 1274 1412 1333 hirundo,

209 1354 276 1400 Et
309 1353 500 1400 luteum
533 1353 661 1400 celsa
695 1354 785 1400 sub
822 1354 962 1400 trabe
996 1355 1105 1417 figit
1141 1371 1261 1417 opus
1280 1372 1293 1414 3

143 1435 268 1480 Tum
303 1434 493 1496 patitur
527 1434 691 1481 cultus
726 1450 843 1496 ager
878 1439 928 1481 et
963 1440 1231 1482 renovatur
1265 1439 1460 1495 aratro3

211 1514 349 1560 Haec
384 1514 503 1560 anni
537 1513 733 1560 novitas
769 1514 874 1560 iure
908 1515 1127 1561 vocanda
1161 1514 1274 1561 fuit.

146 1593 459 1651 Quaesieram
491 1594 696 1643 multis:
757 1610 856 1641 non
891 1594 1064 1641 multis
1098 1595 1182 1642 ille
1218 1599 1437 1642 moratus

214 1674 442 1721 Contulit
476 1674 530 1720 in
564 1690 736 1721 versus
772 1675 840 1721 sic
876 1691 963 1721 sua
997 1675 1148 1722 verba
1183 1676 1332 1723 duos:

149 1756 331 1801 Bruma
364 1755 481 1801 novi
515 1755 673 1817 prima
707 1759 782 1801 est
816 1755 1093 1818 veterisque
1127 1755 1393 1802 novissima
1429 1755 1544 1801 solis
1561 1772 1573 1813 3

215 1834 519 1915 Priffipium
553 1835 756 1897 capiunt
791 1835 1020 1882 Phoebus
1055 1840 1105 1882 et
1140 1851 1299 1882 annus
1333 1835 1474 1882 idem.

410 1997 515 2047 Why
543 1997 643 2036 New
680 1996 820 2036 Year’s
847 1998 942 2047 Day
970 1998 1007 2036 is
1034 2000 1101 2037 not
1131 2010 1158 2036 a
1190 1998 1375 2048 holiday.

152 2095 273 2142 Post
308 2110 364 2140 ea
398 2094 625 2152 mirabar,
663 2110 750 2140 cur
783 2109 882 2140 non
918 2094 1022 2140 sine
1056 2093 1231 2140 litibus
1264 2099 1394 2140 esset

135 2205 139 2206 ν
217 2173 386 2221 Prima
421 2174 537 2221 dies.
610 2174 818 2221 Causam
838 2174 1058 2236 percipe,
1095 2174 1248 2220 Ianus
1282 2174 1367 2221 ait.

150 2256 387 2317 Tempora
420 2254 638 2301 commisi
672 2255 925 2301 nascentia
959 2255 1105 2301 rebus
1139 2255 1356 2317 agendis,

219 2336 374 2382 Totus
408 2335 470 2380 ab
505 2335 719 2396 auspicio
754 2350 816 2380 ne
850 2334 981 2381 foret
1015 2351 1174 2381 annus
1208 2335 1354 2381 iners.

152 2416 367 2478 Quisque
401 2430 514 2462 suas
548 2419 682 2461 artes
716 2416 778 2462 ob
813 2415 943 2461 idem
979 2415 1167 2461 delibat
1200 2416 1403 2477 agendo,

218 2496 323 2543 Nec
358 2496 470 2559 plus
504 2512 651 2558 quam
686 2496 888 2543 solitum
923 2496 1223 2543 testificatur
1256 2513 1393 2560 opus.

156 2575 275 2623 Mox
309 2592 427 2639 ego:
480 2576 592 2634 Cur,
629 2576 854 2639 quamvis
888 2576 1097 2624 aliorum
1138 2577 1344 2624 numina
1369 2577 1566 2644 placem,

1637 735 1690 763 150

1643 1138 1696 1167 15⁵

1655 2520 1708 2549 17⁰
