1788 2980
51 179 137 244 v1.]
712 183 906 228 JUNE.
1424 185 1510 231 167

47 288 351 334 Reddiderat
386 304 579 334 causam
600 305 614 347 3
661 289 856 346 Valeas,
898 305 1021 335 anus
1057 290 1256 351 optima,
1299 290 1395 337 dix'

112 367 250 422 Quod
292 373 513 430 superest
553 369 676 426 aevi,
719 369 865 415 molle
906 369 973 415 sit
1010 385 1166 427 omne,
1208 370 1298 416 tui.

458 525 538 563 The
567 525 928 573 Palladium-ac
956 526 1104 565 Ilium.

47 621 220 667 Cetera
256 620 352 666 iam
393 621 582 682 pridem
620 620 768 666 didici
810 621 1080 683 puerilibus
1120 622 1279 679 annis,

110 701 225 746 Non
266 705 432 746 tamen
473 700 654 746 ideireo
694 702 1052 762 praetereunda
1092 701 1227 747 mihi.
1547 725 1605 754 3⁵0

46 781 244 827 Moenia
279 781 589 827 Dardanides
627 796 783 842 nuper
823 797 951 826 nova
990 781 1177 827 fecerat
1218 781 1354 826 Ilus:

112 861 218 907 Ilus
259 861 418 906 adhue
458 860 610 906 Asiae
648 861 786 906 dives
823 861 1038 907 habebat
1078 878 1206 923 opeS.

46 943 276 989 Creditur
312 942 570 988 armiferae
610 941 805 1004 signum
844 942 1052 989 caeleste
1093 942 1350 988 Minervae

112 1022 265 1069 Urbis
302 1022 354 1067 in
395 1022 576 1067 Iliacae
618 1021 876 1067 desiluisse
913 1021 1042 1084 iuga.

46 1103 174 1149 Cura
214 1102 381 1149 videre
418 1101 546 1147 fuit:
593 1101 698 1147 vidi
735 1101 1069 1163 templumque
1106 1102 1371 1163 locumque,
1548 1125 1604 1155 355

112 1183 220 1228 Hoc
262 1185 486 1244 superest
525 1180 660 1226 illio:
709 1181 916 1226 Pallada
953 1182 1111 1227 Roma
1148 1187 1300 1228 tenet.

46 1261 333 1308 Consulitur
373 1260 673 1317 Smintheus,
714 1261 916 1323 lucoque
955 1262 1188 1307 obscurus
1229 1277 1374 1322 opaco

111 1342 220 1388 Hos
256 1357 355 1387 non
392 1340 603 1387 mentito
643 1339 863 1386 reddidit
903 1356 984 1386 ore
1026 1357 1200 1387 sonos:

46 1421 332 1467 Aetheriam
372 1424 564 1466 servate
606 1420 761 1477 deam,
804 1419 1068 1466 servabitis
1105 1421 1304 1466 urbem:

110 1501 378 1562 Imperium
419 1516 582 1547 secum
618 1500 890 1546 transferet
926 1500 1015 1546 illa
1054 1500 1161 1547 loci.
1549 1516 1608 1555 360

46 1583 220 1629 Servat
257 1586 308 1628 et
342 1580 582 1626 inclusam
623 1596 813 1636 summa
851 1585 992 1626 tenet
1029 1580 1138 1626 Ilus
1175 1579 1227 1626 in
1268 1595 1392 1637 arce,

113 1662 335 1722 Curaque
375 1660 436 1705 ad
478 1660 706 1706 heredem
749 1660 1084 1705 Laomedonta
1119 1660 1274 1707 venit.

46 1741 146 1788 Sub
188 1740 385 1786 Priamo
425 1744 623 1786 servata
660 1755 846 1801 parum.
918 1739 996 1785 Sic
1033 1739 1140 1801 ipsa
1177 1738 1388 1796 volebas,

113 1822 188 1867 Ex
223 1837 317 1882 quo
358 1819 538 1865 iudicio
578 1819 735 1865 forma
775 1818 962 1865 revicta
1001 1823 1090 1865 tua
1129 1824 1217 1865 est.

47 1964 86 2003 Ic
116 1963 150 2002 is
180 1962 344 2012 brouqht
373 1965 409 2001 to
438 1962 575 2009 Rome,
608 1961 693 1999 and
724 1960 869 2011 placed
907 1961 955 1999 in
1002 1959 1148 1999 Vesta's
1194 1961 1335 2011 temple
1352 1976 1366 2002 .·
1408 1961 1526 2000 saved

462 2016 578 2065 from
606 2015 786 2063 burniny
814 2014 863 2064 by
891 2014 1089 2053 Metellus.

48 2132 142 2177 Seu
179 2147 332 2194 genus
368 2129 578 2176 Adrasti
619 2144 703 2175 seu
740 2128 890 2174 furtis
926 2132 1074 2189 aptus
1114 2128 1290 2176 Ulixes
1547 2146 1604 2185 3⁶⁵

114 2212 208 2258 Seu
246 2211 355 2274 pius
393 2211 588 2256 Aeneas
628 2208 862 2270 eripuisse
900 2209 1062 2266 datur,
1191 2193 1195 2197 ⁵

50 2294 238 2337 Auctor
274 2291 326 2337 in
367 2291 567 2337 incerto.
636 2290 736 2336 Bes
774 2294 849 2335 est
889 2289 1139 2343 Romana3
1187 2292 1358 2335 tuetur

115 2372 287 2427 Vesta,
328 2371 455 2432 quod
493 2369 689 2416 assiduo
726 2369 910 2414 lumine
950 2374 1128 2414 cuncta
1166 2369 1318 2415 videt.

51 2451 164 2497 Heu
201 2455 440 2512 quantum
477 2449 684 2495 timuere
722 2454 899 2511 patres,
926 2465 1020 2510 quo
1061 2453 1277 2509 tempore
1315 2448 1471 2495 Vesta

115 2530 274 2587 Arsit,
311 2534 363 2575 et
399 2534 475 2575 est
515 2528 664 2574 tectis
703 2529 882 2573 obruta
920 2542 1071 2589 paene
1112 2527 1241 2573 suis!
1543 2552 1602 2584 ³70

54 2610 354 2672 Flagra-bant
392 2609 549 2655 sancti
590 2608 839 2655 'sceleratis
876 2608 1074 2669 ignibus
1114 2607 1266 2669 ignes,
