1788 2980
68 170 123 236 ι]
631 172 951 222 JANUARY
1472 178 1532 224 25

21 342 24 345 ’
71 343 210 384 Tellus
235 343 322 383 and
350 343 463 384 Ceres
489 355 560 383 are
587 346 625 383 to
652 343 692 382 be
715 343 973 394 propitiam.
1041 344 1123 384 The
1149 342 1349 395 soermer'n
1369 355 1534 393 prayer.

65 449 340 496 Placentur·
364 452 546 495 matres
580 448 795 510 frugum,
831 448 1093 511 Tellusque
1128 449 1383 512 Ceresque,

129 532 279 578 Farre
313 545 415 587 suo,
450 527 683 591 gravidae
716 527 1081 591 visceribusque
1115 529 1231 576 suis.

63 611 284 660 Officium
316 624 570 657 commune
606 608 750 655 Ceres
785 613 835 655 et
869 609 1020 656 Terra
1053 614 1289 669 tuentur3

128 692 266 738 Haeo
299 690 502 752 praebet
534 703 730 735 causam
763 688 1005 751 frugibus,
1041 688 1130 735 illa
1164 689 1335 737 locum.

64 772 324 819 Consortes
359 783 573 831 operum,
610 783 697 831 per
729 785 850 831 quas
884 774 1102 816 correcta
1135 774 1375 827 vetustas,
1560 785 1619 824 εις

128 852 416 913 Quernaque
451 849 594 912 glans
629 849 763 896 victa
796 854 873 896 est
906 850 1106 897 utiliore
1141 850 1264 908 cibo,

62 934 308 998 Frugibus
341 932 593 980 immensis
627 932 798 979 avidos
832 932 1013 979 satiate
1046 933 1257 992 colonos,

127 1015 203 1062 Ut
236 1013 434 1076 capiant
467 1012 632 1058 cultus
666 1012 883 1074 praemia
916 1012 1067 1075 digna
1100 1013 1190 1059 sui.

60 1094 166 1140 Vos
201 1093 316 1139 date
350 1095 611 1154 perpetuos
645 1091 830 1138 teneris
865 1092 1167 1139 sementibus
1202 1097 1389 1150 auctus,

126 1172 232 1219 Nec
266 1187 395 1218 nova
429 1186 515 1233 per
547 1169 736 1233 gelidas
772 1172 923 1218 herba
957 1171 1024 1218 sit
1059 1175 1171 1219 usta
1205 1172 1357 1219 nives.
1469 1175 1480 1184 ‘
1560 1187 1620 1218 620

60 1251 185 1298 Cum
218 1250 440 1307 serimus,
476 1249 664 1296 caelum
698 1250 863 1297 ventis
897 1251 1083 1312 aperite
1118 1251 1333 1310 serenis3

127 1330 250 1377 Cum
284 1330 423 1386 latet,
459 1328 680 1375 aetheria
714 1330 933 1392 spargite
968 1345 1132 1377 semen
1167 1347 1325 1392 aqua3

60 1410 201 1457 Neve
235 1424 410 1472 graves
446 1409 594 1455 cultis
631 1406 852 1456 Cerealia
886 1426 1016 1468 rura,
1051 1415 1237 1468 cavete,

125 1488 340 1552 Agmine
374 1488 566 1535 laesuro
601 1489 961 1551 depopulentur
984 1505 1122 1537 aves.

63 1569 165 1615 Vos
199 1584 404 1631 quoque,
439 1567 685 1627 formicae,
722 1569 957 1616 subiectis
992 1570 1179 1632 parcite
1213 1570 1411 1633 granis3
1559 1587 1619 1625 ⁶25

149 1647 271 1695 Post
303 1662 508 1694 messem
542 1648 751 1710 praedae
783 1648 922 1712 copia
955 1649 1111 1695 maior
1144 1649 1252 1695 erit.

61 1726 262 1773 Interea
293 1731 480 1773 crescat
514 1727 712 1773 scabrae
747 1727 988 1790 robiginis
1022 1743 1208 1791 expers,

147 1805 254 1852 Nec
288 1805 415 1852 vitio
449 1805 571 1852 caeli
607 1805 791 1868 palleat
825 1806 929 1852 ulla
963 1822 1116 1869 seges,

60 1884 127 1931 Et
160 1900 318 1947 neque
353 1885 548 1932 deficiat
583 1885 751 1943 macie,
787 1901 944 1948 neque
979 1885 1210 1949 pinguior
1242 1901 1396 1949 aequo

147 1964 357 2011 Divitiis
391 1969 559 2028 pereat
594 1965 846 2012 luxuriosa
881 1958 1012 2025 suis3
1560 1983 1621 2022 630

60 2044 126 2090 Et
159 2049 358 2091 careant
393 2044 524 2091 loliis
560 2044 724 2091 oculos
759 2044 1059 2092 vitiantibus
1094 2046 1217 2108 agri,

146 2123 197 2170 N
200 2139 253 2170 ec
286 2124 472 2171 sterilis
506 2125 641 2170 culto
675 2129 847 2187 surgat
881 2141 1038 2171 avena
1073 2126 1190 2173 solo.

58 2201 297 2266 Triticeos
331 2202 479 2262 fetus,
515 2219 811 2266 passuraque
845 2203 979 2250 farra
1012 2204 1089 2252 bis
1123 2204 1302 2267 ignem,

147 2280 446 2344 Hordeaque
480 2282 674 2345 ingenti
709 2282 879 2330 fenore
912 2284 1090 2330 reddat
1124 2300 1323 2346 ager.—

60 2359 198 2407 Haec
233 2376 321 2423 ego
355 2378 442 2424 pro
476 2361 631 2420 vobis,
669 2361 786 2408 haec
820 2378 908 2410 vos
943 2367 1124 2425 optate,
1161 2363 1336 2421 coloni,
1560 2381 1617 2420 ⁶35

149 2439 434 2503 Efficiatque
468 2445 604 2488 ratas
636 2445 845 2503 utraque
879 2442 994 2489 diva
1028 2458 1206 2504 preces.

61 2518 203 2566 Bella
237 2519 324 2566 diu
357 2523 562 2568 tenuere
596 2521 731 2569 viros
751 2539 765 2581 3
799 2526 906 2568 erat
939 2521 1103 2585 aptior
1136 2522 1266 2570 ensis

149 2595 360 2647 Vomere
380 2616 394 2660 3
426 2600 632 2648 cedebat
666 2605 838 2648 taurus
871 2605 1038 2648 arator
1069 2617 1223 2666 equo,
