1788 2980
164 167 253 213 118
657 163 881 209 OVJDJJ
931 164 1131 209 ΜΕΝ
1508 163 1625 227 [Lm.

223 272 352 319 Sunt
387 273 482 318 duo
518 271 778 327 discordes,
809 271 944 332 ignis
980 276 1030 316 et
1066 271 1213 329 unda,
1251 272 1342 328 dei,

71 377 128 406 715
153 351 433 397 Iunxerunt
469 351 710 396 elementa
747 355 923 411 patres,
960 354 1224 412 aptumque
1261 356 1500 412 putarunt

230 431 437 492 Ignibus
471 435 522 476 et
557 446 725 491 sparsa
763 435 965 490 tangere
998 446 1173 491 corpus
1207 432 1367 492 aqua?

160 512 255 564 An,
283 509 411 570 quod
447 508 499 555 in
535 509 611 554 his
649 508 779 553 vitae
812 525 956 554 causa
988 513 1077 566 est,
1104 509 1221 555 haec
1255 507 1469 571 perdidit
1504 508 1632 566 exul,

230 589 324 634 His
359 604 487 635 nova
522 589 579 633 fit
613 586 842 644 coniunx,
879 587 996 633 haec
1033 588 1127 633 duo
1162 604 1339 649 magna
1374 589 1587 650 putant?

161 667 263 711 Vix
299 666 523 727 equidem
557 647 869 722 credQssunt
904 665 989 727 qui
1024 666 1342 712 Phaethonta
1377 665 1550 712 referri

75 773 133 802 720
224 746 439 792 Credant
474 750 525 791 et
559 744 736 791 nimias
772 744 1087 791 Deucalionis
1122 762 1286 807 aquas.

164 827 286 872 Pars
320 841 523 887 quoque,
559 841 669 871 cum
703 824 835 871 saxis
871 829 1090 886 pastores
1126 842 1245 871 saxa
1280 825 1502 881 ferirent,

230 905 508 951 Scintillam
545 904 708 950 subito
745 904 1027 966 prosiluisse
1061 905 1262 951 ferunt:

166 984 333 1030 Prima
366 983 563 1044 quidem
605 983 781 1044 periit3
828 983 1026 1045 stipulis
1060 989 1263 1046 excepta
1298 983 1510 1029 secunda
1543 989 1621 1029 est

230 1064 339 1109 Hoc
374 1067 719 1125 argumentum
754 1063 946 1108 flamma
982 1064 1157 1110 Palilis
1192 1065 1373 1109 habet?

79 1168 137 1199 725
163 1145 244 1188 An
280 1143 435 1204 magis
472 1143 601 1188 hunc
635 1158 816 1188 morem
854 1142 1009 1204 pietas
1045 1145 1232 1189 Aeneia
1267 1143 1400 1199 fecit,

235 1224 507 1268 Innocuum
545 1222 674 1268 victo
709 1222 787 1268 cui
823 1223 961 1268 dedit
997 1223 1124 1285 ignis
1160 1223 1286 1268 iter'.l

168 1303 304 1348 Num
339 1306 503 1347 tamen
527 1306 603 1347 est
634 1317 749 1347 vero
774 1301 987 1363 propius,
1012 1319 1120 1348 cum
1145 1303 1342 1348 condita
1374 1303 1524 1346 Roma
1547 1306 1636 1352 est,

238 1381 517 1427 Transferri
557 1381 714 1428 iussos
749 1381 799 1426 in
838 1398 965 1428 nova
1001 1386 1132 1428 tecta
1167 1383 1328 1438 Lares,

173 1462 522 1522 Mutantesque
558 1462 755 1507 domum
790 1462 935 1507 tectis
968 1462 1245 1523 agrestibus
1280 1461 1441 1523 ignem

84 1567 144 1596 730
235 1541 300 1585 Et
335 1545 611 1586 cessaturae
647 1540 956 1601 supposuisse
991 1557 1142 1598 casae,

173 1620 271 1666 Per
305 1621 520 1665 flammas
555 1620 758 1666 saluisse
795 1636 952 1682 pecus,
988 1621 1191 1667 saluisse
1226 1621 1451 1666 colonos?

240 1700 377 1755 Quod
414 1700 470 1745 fit
505 1700 659 1745 natali
696 1716 824 1746 nunc
857 1716 1060 1762 quoque,
1099 1701 1270 1757 Roma,
1306 1705 1407 1745 tuo.
1452 1718 1456 1723 ·

354 1888 432 1926 The
449 1887 701 1937 foundation
729 1887 776 1937 os
799 1888 918 1925 Rome
946 1886 1032 1924 took
1054 1886 1170 1934 place
1198 1897 1249 1924 on
1276 1885 1356 1923 this
1384 1886 1476 1935 day.

176 2023 290 2085 Ipse
325 2022 484 2068 locum
518 2037 656 2066 casus
691 2019 795 2065 vati
829 2019 962 2065 facit.
1040 2017 1192 2064 Urbis
1227 2018 1361 2079 origo

244 2101 426 2147 Venit:
473 2100 591 2146 ades
623 2099 785 2155 factis,
822 2114 995 2160 magne
1031 2097 1248 2154 Quirine,
1283 2097 1397 2142 tuis.

90 2207 147 2237 735
172 2182 280 2227 Iam
314 2181 476 2225 luerat
510 2194 689 2241 poenas
722 2177 881 2224 frater
914 2176 1209 2234 Numitoris,
1246 2181 1295 2223 et
1331 2192 1471 2222 omne

243 2261 506 2306 Pastorum
540 2258 733 2321 gemino
769 2258 860 2303 sub
895 2258 1015 2303 duce
1050 2258 1228 2319 Vulgus
1263 2261 1399 2302 erat:

179 2340 480 2386 Contrahere
513 2342 730 2400 agrestes
765 2341 815 2383 et
849 2337 1040 2383 moenia
1073 2353 1251 2399 ponere
1287 2336 1481 2397 utrique

247 2418 521 2476 Convenit3
568 2417 848 2481 ambigitur,
886 2416 1076 2463 moenia
1112 2421 1261 2481 ponat
1297 2421 1421 2463 uter.
