1788 2980
1687 144 1689 150 ι
1765 0 1788 151 (Ῐ

264 184 321 227 64
423 238 426 244 ,
764 183 990 231 oVJDJJ
1032 183 1244 231 FASTJ.
1615 182 1731 245 [us.

260 291 367 335 Aut
401 289 529 351 quia,
552 289 796 335 committi
833 290 1022 336 strictis
1058 289 1370 336 mucronibus
1405 304 1566 343 ausae,

326 371 584 417 Finierant
620 371 836 419 lacrimis
873 372 1061 418 Martia
1095 372 1227 418 bella
1262 371 1396 420 suis:

175 477 230 506 225
254 451 366 508 Vel,
403 451 531 512 quod
567 455 674 498 erat
710 452 769 498 de
805 467 882 498 me
917 451 1131 498 feliciter
1165 451 1263 497 Ilia
1297 455 1469 507 mater,

324 531 442 578 Rite
476 531 647 578 colunt
681 537 865 580 matres
901 550 1037 580 sacra
1075 533 1299 595 diemque
1333 548 1504 580 meum.

357 698 394 737 A
422 699 560 739 second
587 710 728 737 reason
744 712 758 738 .·
795 697 828 735 it
855 697 893 735 is
920 697 982 735 the
1009 708 1146 734 season
1175 695 1218 746 of
1242 696 1404 746 ,cyaneo-al
1424 695 1621 746 fertility.

258 800 384 855 Quid
420 800 549 862 quod
587 799 742 845 hiems
777 798 1013 860 adoperta
1049 797 1162 860 gelu
1198 800 1318 843 tunc
1354 796 1563 859 denique
1586 795 1728 852 cedit,

324 880 389 924 Et
425 883 633 942 pereunt
667 878 831 940 lapsae
866 877 968 924 sole
1003 880 1203 938 tepente
1237 876 1409 924 nives‘l

257 959 533 1005 Arboribus
567 958 778 1004 redeunt
813 957 1046 1003 detonsae
1081 955 1264 1018 frigore
1298 955 1515 1015 frondes,

171 1064 228 1092 ²30
319 1039 599 1101 Vividaque
634 1038 687 1084 in
722 1042 893 1084 tenero
933 1035 1136 1099 palmite
1171 1051 1361 1098 gemma
1394 1040 1588 1093 tumet3

255 1117 481 1179 Quaeque
518 1117 603 1163 diu
639 1116 804 1174 latuit,
842 1131 972 1162 nunc
1006 1130 1057 1161 se
1091 1131 1187 1176 qua
1221 1115 1370 1161 tollat
1403 1114 1455 1160 in
1491 1130 1647 1171 auras,

321 1197 522 1244 Fertilis
557 1196 774 1243 occultas
809 1195 1004 1242 invenit
1039 1195 1192 1241 herba
1226 1194 1344 1242 vias.

256 1279 401 1325 Nunc
435 1278 675 1325 fecundus
709 1293 825 1339 ager
843 1293 857 1337 3
904 1275 1090 1339 pecoris
1125 1292 1257 1322 nunc
1292 1276 1412 1321 hora
1446 1275 1672 1327 creandi3
1747 1299 1749 1301 ·

319 1357 466 1403 Nunc
501 1356 606 1403 avis
642 1355 695 1402 in
729 1371 865 1402 ramo
901 1358 1036 1401 tecta
1070 1354 1319 1416 laremque
1353 1358 1495 1417 parat

168 1463 222 1491 235
248 1437 486 1499 Tempora
519 1436 626 1483 iure
660 1435 831 1482 colunt
867 1434 1041 1482 Latiae
1076 1434 1289 1482 fecunda
1323 1438 1566 1497 parentes,

319 1519 536 1574 Quarum
571 1517 803 1564 militiam
838 1522 1051 1580 votaque
1093 1520 1264 1579 partus
1299 1515 1461 1564 habet.

251 1677 438 1726 Thirdly,
472 1689 522 1715 οη
551 1676 613 1715 che
632 1676 728 1726 first
757 1675 804 1725 (γ’
825 1673 1061 1767 Μαῖεήἆίήε
1090 1674 1276 1712 Matrons
1304 1671 1507 1711 dedicated
1535 1683 1562 1709 a
1590 1671 1729 1720 temple

916 1740 936 1766 ο
994 1739 1086 1766 uno.

253 1826 398 1871 Adde
432 1825 561 1887 quod
598 1823 828 1871 excubias
863 1823 949 1868 ubi
991 1838 1078 1868 rex
1115 1822 1368 1867 Romanus
1402 1820 1594 1881 agebat,

317 1904 411 1960 Qui
445 1920 576 1950 nunc
612 1902 858 1965 Esquilias
895 1901 1094 1948 nomina
1128 1899 1266 1946 collis
1301 1899 1465 1956 habet,

253 1984 364 2031 Illic
399 2001 428 2031 a
463 1985 669 2031 nuribus
705 1982 886 2028 Iunoni
923 1981 1107 2043 templa
1143 1979 1336 2026 Latinis

167 2091 222 2119 240
314 2065 424 2110 Hac
460 2068 594 2122 sunt,
632 2062 673 2109 si
708 2061 922 2121 memini,
962 2060 1157 2123 publica
1194 2059 1325 2105 facta
1367 2057 1456 2104 die.

245 2227 396 2276 Lastly,
421 2226 536 2264 Mars
565 2225 648 2263 had
675 2224 881 2273 dutisully
908 2224 1024 2272 qiven
1051 2235 1108 2272 up
1137 2222 1198 2260 the
1218 2222 1314 2271 first
1335 2221 1418 2270 day
1437 2220 1569 2270 offiis
1587 2220 1721 2258 mouth

441 2283 476 2318 to
505 2279 568 2317 the
595 2281 777 2316 macron-3
795 2277 869 2327 for
896 2277 959 2315 the
987 2276 1163 2324 worship
1191 2277 1239 2324 os
1260 2275 1325 2313 his
1352 2273 1516 2313 mother.

251 2372 378 2428 Quid
414 2388 590 2428 moror,
628 2375 678 2417 et
712 2369 864 2416 variis
900 2385 1046 2415 onero
1081 2373 1170 2413 tua
1205 2372 1402 2430 pectora
1435 2367 1622 2412 causis?

316 2453 515 2498 Eminet
550 2457 665 2498 ante
700 2450 878 2508 oculos,
915 2449 1043 2512 quod
1079 2448 1221 2511 petis,
1257 2463 1364 2494 ecce
1398 2451 1521 2494 tuos,

251 2533 416 2578 Mater
449 2536 584 2577 amat
618 2539 833 2593 nupta33
874 2534 1089 2576 matrum
1123 2544 1199 2575 me
1234 2529 1383 2574 turba
1416 2527 1716 2589 frequentat.

318 2611 453 2657 Haec
489 2626 577 2658 nos
612 2611 867 2673 praecipue
901 2613 1004 2656 tam
1040 2608 1119 2670 pia
1153 2623 1297 2654 causa
1332 2608 1482 2654 decet.

1751 183 1755 190 ‘
1774 152 1788 241 l.
