1788 2980
11 205 111 271 111.]
612 201 871 251 MARGH.
1416 205 1477 251 85

10 313 244 360 [mmolat
278 313 409 359 huno
444 313 676 358 Briareus
711 312 843 358 faeta
878 328 938 358 ex
972 311 1234 357 adamante
1270 311 1459 358 securi:

76 395 143 440 Et
177 393 274 439 iam
309 393 408 439 iam
443 392 650 438 flammis
685 398 802 438 exta
839 393 1046 439 daturus
1081 397 1201 438 erat.

10 475 236 538 Iuppiter
268 474 475 520 alitibus
509 490 680 535 rapere
714 474 938 535 imperat.
1008 472 1206 518 Attulit
1241 472 1317 518 illi
1511 488 1567 527 765

75 555 280 613 Miluus,
317 560 367 601 et
402 554 593 600 meritis
628 554 768 600 venit
802 554 854 598 in
890 558 1026 600 astra
1061 553 1176 600 suiS.

12 740 153 779 March
194 740 300 788 19ch,
334 739 418 779 a.d.
465 739 591 779 XIV.
636 738 736 776 Kal.
782 737 1235 786 Apu—Quinquatrus
1275 750 1320 776 or
1362 738 1487 785 Quin-

372 793 552 842 quatria,
586 792 634 830 in
661 792 819 829 honour
847 791 893 841 of
915 792 1120 832 Minerva.

13 914 127 960 Una
162 912 265 958 dies
300 912 461 958 media
496 916 585 971 est,
627 916 677 957 et
712 911 841 956 fiunt
876 926 1013 956 sacra
1047 909 1320 967 Minervae,

79 992 386 1053 Nominaque
421 1008 450 1037 a
485 991 670 1037 iunctis
705 991 921 1052 quinque
957 989 1130 1036 diebus
1168 990 1369 1036 habent.

10 1072 259 1134 Sanguine
294 1073 450 1134 prima
484 1077 645 1127 vacat,
683 1087 771 1117 nec
807 1071 882 1117 fas
918 1086 1204 1116 concurrere
1238 1070 1397 1116 ferro:

77 1153 248 1211 Causa,
285 1153 413 1214 quod
450 1157 525 1199 est
561 1152 648 1198 illa
683 1157 804 1197 nata
839 1151 1068 1197 Minerva
1100 1150 1192 1197 die.
1512 1174 1578 1205 770

9 1231 187 1278 Altera
224 1236 423 1294 tresque
463 1249 610 1295 super
645 1250 814 1296 sparsa
850 1233 1165 1281 celebrantur
1199 1252 1377 1282 arena:

74 1312 291 1359 Ensibus
327 1313 537 1360 exsertis
575 1314 753 1360 bellica
790 1314 923 1361 laeta
960 1316 1050 1362 dea
1086 1323 1176 1364 est.

138 1496 326 1534 Minerva
354 1496 390 1534 is
418 1496 480 1535 the
501 1499 711 1545 patroness
739 1497 785 1546 of
807 1496 868 1534 all
896 1496 1019 1534 kinds
1047 1496 1095 1546 os
1114 1495 1368 1546 haozdicrast.

16 1610 222 1655 Pallada
255 1626 386 1656 nunc
422 1610 558 1672 pueri
594 1615 889 1672 teneraeque
925 1615 1061 1657 orate
1097 1611 1318 1672 puellae:

81 1690 176 1744 Qui
211 1691 333 1737 bene
370 1691 578 1752 placarit
612 1691 834 1748 Pallada,
873 1693 1046 1737 doetus
1081 1690 1192 1736 erit.

17 1769 220 1816 Pallade
256 1770 448 1832 placata
482 1771 890 1832 lanamlmollirQ
927 1770 1134 1833 puellae,
1517 1795 1574 1825 775

82 1850 288 1895 Discitis
323 1855 373 1896 et
409 1850 579 1912 plenas
613 1866 876 1897 exonerare
910 1851 1053 1896 colos.

17 1930 114 1975 Illa
150 1930 299 1976 etiam
334 1935 526 1977 stantes
560 1931 697 1977 radio
733 1946 1014 1993 percurrere
1049 1930 1176 1976 telas

83 2009 277 2067 Erudit,
315 2015 366 2056 et
399 2026 565 2056 rarum
601 2011 793 2073 pectine
830 2012 1003 2057 denset
1038 2027 1173 2072 opus.

19 2089 163 2134 Hanc
197 2089 315 2146 cole,
351 2080 686 2150 qui'maculas
722 2090 867 2136 laesis
904 2091 963 2136 de
998 2089 1223 2135 vestibus
1259 2090 1451 2136 aufers:

84 2165 229 2211 Hanc
264 2166 381 2223 cole,
417 2166 686 2212 velleribus
721 2167 942 2229 quisquis
977 2170 1098 2212 a'e'na
1133 2183 1290 2228 paras,
1517 2186 1576 2221 780

19 2244 122 2290 Nec
157 2245 413 2306 quisquam
448 2245 609 2291 invita
643 2246 792 2292 faciet
826 2246 950 2293 bene
984 2239 1184 2293 vincula
1219 2246 1419 2308 plantae

88 2324 306 2381 Pallade,
344 2325 410 2370 sit
445 2325 630 2386 Tychio
668 2327 856 2372 doctior
890 2327 974 2373 ille
1011 2326 1156 2385 licet3

21 2403 86 2448 Et
121 2402 237 2449 licet
271 2404 476 2465 antiquo
510 2405 738 2451 manibus
774 2406 983 2452 collatus
1018 2406 1150 2467 Epeo

87 2484 164 2530 Sit
199 2485 346 2547 prior,
382 2485 511 2531 irata
547 2486 751 2533 Pallade
785 2503 986 2533 mancus
1021 2487 1131 2534 erit.

21 2563 125 2608 Vos
158 2579 363 2624 quoque,
400 2564 628 2611 Phoebea
661 2567 856 2612 morbos
888 2566 973 2627 qui
1007 2566 1193 2628 pellitis
1225 2571 1346 2618 arte,
1517 2581 1573 2621 7⁸⁵

87 2642 298 2690 Munera
332 2644 391 2691 de
426 2645 606 2692 ves-tris
642 2663 794 2708 pauca
829 2645 1010 2693 referte
1045 2647 1176 2695 deae.
