1788 2980
163 160 225 207 20
656 157 884 208 OVIDII
919 158 1128 207 FASTJ.
1504 156 1625 224 [ΜΒ.

158 270 369 333 Tempus
403 269 500 316 erit
533 285 644 316 cum
679 284 766 316 vos
800 269 1061 331 orbemque
1094 267 1320 315 tuebitur
1353 268 1498 325 idem,

74 366 130 405 ςιο
221 350 288 396 Et
322 351 445 398 fient
478 350 584 413 ipso
620 366 755 397 sacra
789 349 981 397 colente
1016 350 1140 409 deo;

159 431 226 477 Et
260 426 409 494 pen'es
443 431 700 494 Augustos
735 430 926 494 patriae
961 430 1122 478 tutela
1156 429 1391 477 manebit.

226 510 372 558 Hanc
407 510 484 558 fas
519 510 712 574 imperii
747 510 889 557 frena
922 514 1091 557 tenere
1129 510 1341 557 domum.

160 590 286 638 Inde
319 608 469 655 nepos
504 596 747 653 natusque
784 591 878 650 dei,
915 590 1032 637 licet
1065 590 1170 653 ipse
1203 594 1409 647 recuset,

227 672 454 719 Pondera
485 671 685 719 caelesti
719 675 884 718 mente
920 675 1126 733 paterna
1158 670 1298 719 feret.

74 766 131 805 4²⁵
156 751 326 814 thue
362 768 450 815 ego
485 751 736 815 perpetuis
771 751 890 798 olim
925 752 1154 798 sacrabor
1187 751 1241 798 in
1274 750 1390 809 aris,

228 831 307 878 Sic
340 833 574 895 Augusta
607 847 791 878 novum
827 831 960 877 Iulia
994 847 1177 877 numen
1212 830 1322 877 erit.

160 911 363 959 Talibus
394 917 452 959 ut
488 911 635 959 dictis
665 915 861 958 nostros
890 910 1144 958 descendit
1177 910 1230 957 in
1265 926 1434 968 ann08‚

227 992 467 1039 Substitit
501 992 553 1038 in
588 991 774 1038 medios
807 990 1025 1054 praescia
1059 990 1230 1053 lingua
1263 1006 1420 1037 sonos.

160 1072 417 1135 Puppibus
452 1088 677 1135 egressus
713 1071 859 1118 Latia
896 1070 1042 1118 stetit
1076 1070 1192 1118 exul
1226 1070 1279 1117 in
1313 1070 1476 1117 herba.

75 1178 133 1208 ⁴90
224 1153 379 1211 Felix,
416 1151 619 1199 exilium
654 1149 735 1198 cui
768 1150 904 1198 locus
939 1149 1024 1198 ille
1059 1150 1190 1197 fuiti

161 1232 266 1279 Nec
300 1249 436 1280 mora
466 1232 614 1294 longa
648 1230 778 1291 fuit3
814 1230 1018 1278 stabant
1052 1246 1182 1277 nova
1216 1234 1363 1289 tecta,
1389 1245 1477 1277 nec
1507 1232 1635 1277 alter

232 1313 492 1360 Montibus
515 1310 752 1358 Ausoniis
787 1310 981 1357 Arcade
1015 1309 1170 1357 maior
1202 1313 1320 1358 erat.

227 1460 419 1501 Hercules
446 1459 561 1500 visits
589 1457 792 1508 Evander,
825 1458 910 1497 and
938 1457 1049 1508 szays
1077 1457 1140 1496 the
1176 1457 1309 1496 robbcr
1339 1457 1480 1498 G'acm.

166 1565 286 1610 Ecce
320 1564 470 1610 boves
504 1562 623 1609 illuc
659 1561 959 1624 Erytheidas
996 1559 1213 1623 applicat
1248 1559 1392 1606 heros

231 1646 471 1691 Emensus
505 1642 642 1705 longi
675 1641 894 1705 claviger
926 1640 1060 1688 orbis
1094 1640 1203 1689 iter.

79 1751 134 1783 ⁴95
160 1726 388 1786 Dumque
412 1722 525 1770 huic
549 1721 820 1785 hospitium
845 1722 1017 1768 domus
1035 1725 1112 1767 est
1135 1721 1368 1783 Tegeaea,
1389 1723 1633 1782 vagantur

231 1802 572 1850 Incustoditae
605 1801 710 1848 lata
744 1817 830 1863 per
863 1817 983 1848 arva
1017 1800 1178 1847 boves.

167 1886 316 1930 Mane
351 1887 493 1930 erat:
526 1897 759 1929 excussus
796 1897 964 1928 somno
998 1879 1293 1942 Tirynthius
1328 1878 1504 1942 hospes
1536 1939 1544 1942 -

231 1965 308 2010 De
342 1978 545 2009 numero
580 1966 749 2008 tauros
784 1960 940 2008 sensit
973 1960 1143 2007 abesse
1177 1958 1313 2007 duos

166 2043 322 2090 Nulla
356 2042 495 2090 videt
529 2057 768 2104 quaerens
803 2040 946 2088 taciti
981 2037 1194 2102 vestigia
1227 2039 1385 2088 furti:

79 2150 138 2179 ,ω
227 2123 466 2169 Traxerat
500 2138 697 2169 aversos
734 2122 887 2168 Cacus
921 2120 974 2167 in
1007 2124 1155 2167 antra
1188 2119 1333 2178 feros,

168 2203 322 2249 Cacus
357 2201 642 2248 Aventinae
676 2201 825 2248 timor
859 2204 1007 2262 atque
1042 2198 1249 2246 infamia
1285 2199 1452 2256 silvae,

234 2283 350 2329 Non
384 2282 491 2329 leve
526 2281 752 2328 finitimis
787 2280 1161 2344 hospitibusque
1194 2279 1393 2327 malum.

169 2362 293 2409 Dira
326 2362 434 2409 viro
469 2360 636 2420 facies,
672 2361 803 2409 vires
839 2377 925 2424 pro
961 2375 1174 2423 corpore,
1210 2375 1386 2422 corpus

236 2443 460 2489 Grande:
496 2445 637 2504 pater
670 2440 881 2488 monstri
915 2439 1163 2487 Mulciber
1197 2440 1345 2486 huius
1379 2443 1502 2488 erat.

83 2548 140 2579 5ος
166 2523 357 2584 Proque
393 2522 535 2569 domo
571 2521 732 2585 longis
767 2520 999 2583 spelunca
1032 2518 1304 2566 recessibus
1337 2519 1527 2581 ingens,

236 2601 442 2660 Abdita,
478 2600 565 2648 vix
599 2587 719 2662 ipsis
754 2598 1048 2647 invenienda
1082 2598 1215 2647 feris.

1759 154 1788 341 ἶ
