1788 2980
226 197 315 243 156
718 196 754 243 O
767 197 946 244 VIDII
985 195 1197 244 FASTI.
1571 198 1689 263 [1⁴13.

219 305 346 360 Quid
381 320 545 366 grave,
582 303 624 349 si
660 303 867 349 titulum
900 303 1098 361 mensis,
1136 304 1370 363 Romane,
1409 307 1592 353 dedisti

286 384 517 432 Herculis
552 383 709 441 uxori,
746 383 1107 445 posteritasque
1141 388 1360 432 memor?

219 465 355 511 Haec
378 480 568 527 quoque
600 468 734 509 terra
763 463 951 525 aliquid
982 464 1129 510 debet
1160 465 1283 511 mihi
1307 466 1504 512 nomine
1528 466 1691 527 magni

130 561 170 592 σο
282 545 530 607 Coniugis.
601 544 716 590 Huc
750 548 921 605 captas
956 544 1149 606 appulit
1184 545 1269 591 ille
1307 546 1485 592 boves:

220 624 317 670 Hic
351 625 477 671 male
513 624 744 670 defensus
779 623 985 669 flammis
1020 628 1071 670 et
1107 625 1221 671 dote
1257 630 1462 686 paterna

279 705 434 751 Cacus
464 704 772 752 Aventinam
807 704 1045 765 sanguine
1082 704 1238 750 tinxit
1274 705 1491 751 humum.

217 785 298 831 Ad
335 785 562 847 propiora
596 801 755 831 vocor.
826 783 1072 846 Populum
1107 785 1314 847 digessit
1351 786 1413 831 ab
1449 786 1594 831 annis

284 867 540 924 Romulus,
576 865 630 912 in
666 870 831 927 partes
867 865 1223 928 distribuitque
1260 867 1395 914 duaS.

131 963 168 1001 ⁸5
215 947 353 993 Haeo
389 947 504 993 dare
539 946 813 1002 consilium,
851 962 1068 1008 pugnare
1103 947 1322 1008 paratior
1357 947 1443 992 illa
1477 951 1582 993 est:

285 1027 422 1074 Haec
456 1031 593 1073 aetas
630 1026 814 1072 bellum
850 1027 1037 1084 suadet,
1074 1030 1129 1072 at
1163 1026 1251 1072 illa
1286 1026 1429 1088 gerit.

218 1107 296 1154 Sic
331 1108 514 1154 statuit
547 1122 833 1168 mensesque
869 1111 987 1153 nota
1021 1107 1232 1154 secrevit
1268 1107 1448 1153 eadem.

286 1188 462 1234 Iunius
496 1192 573 1234 est
607 1187 842 1233 iuvenum
860 1203 874 1245 ;
919 1187 1004 1248 qui
1039 1186 1139 1233 fuit
1175 1191 1306 1244 ante,
1343 1202 1527 1232 senum.

505 1337 542 1375 3.
578 1334 801 1375 Concordia
830 1335 937 1384 ,aives
965 1346 992 1372 a
1021 1334 1136 1372 third
1163 1334 1405 1373 derivation.

222 1433 379 1490 Dixit,
415 1431 554 1478 etin
590 1430 730 1476 litem
767 1429 932 1475 studio
956 1428 1253 1475 certaminis
1288 1428 1459 1486 issent,

131 1540 171 1570 90
280 1513 450 1574 Atque
483 1511 558 1556 ira
593 1510 750 1573 pietas
787 1509 1100 1556 dissimulata
1134 1509 1264 1554 foret
1282 1524 1295 1566 ;

220 1588 376 1634 Venit
408 1587 673 1650 Apollinea
708 1586 881 1648 longas
918 1585 1188 1631 Concordia
1225 1585 1364 1631 lauro

286 1669 429 1715 Nexa
463 1684 637 1725 comas,
675 1666 855 1729 placidi
890 1682 1072 1712 numen
1108 1681 1324 1727 opusque
1361 1665 1515 1712 ducis.

221 1749 358 1794 Haec
393 1747 477 1793 ubi
512 1746 737 1792 narravit
771 1745 972 1791 Tatium
1006 1744 1281 1805 fortemque
1316 1744 1591 1801 Quirinum,

286 1827 507 1889 Binaque
541 1843 651 1873 eum
686 1825 879 1888 populis
912 1840 1064 1887 regna
1098 1824 1252 1871 coisse
1288 1824 1405 1882 suis,

133 1934 169 1964 9⁵
217 1908 283 1954 Et
318 1908 444 1954 Lare
477 1906 724 1953 communi
758 1921 945 1952 soceros
980 1920 1279 1966 generosque
1311 1908 1559 1966 receptos3

286 1987 385 2033 His
419 2002 596 2033 nomen
631 1986 814 2032 iunctis
850 1985 1039 2042 Iunius,
1077 1984 1256 2045 inquit,
1294 1984 1457 2031 habet.

200 2067 346 2114 Dicta
380 2067 563 2129 triplex
598 2082 743 2111 eausa
777 2069 882 2111 est:
929 2069 982 2110 at
1015 2080 1103 2110 vos
1138 2064 1391 2125 ignoscite,
1430 2063 1604 2118 divae3

287 2147 387 2193 Res
421 2150 497 2192 est
531 2144 739 2191 arbitrio
775 2161 873 2190 non
910 2143 1185 2190 dirimenda
1219 2159 1339 2188 meo.

222 2227 301 2273 Ite
336 2242 476 2288 pares
510 2243 546 2272 a·
574 2241 663 2272 me.
736 2224 1001 2271 Perierunt
1036 2223 1196 2269 iudice
1232 2223 1416 2268 formae

137 2332 193 2353 ιω
283 2305 551 2367 Pergama;
588 2302 698 2365 plus
734 2301 953 2358 laedunt,
988 2316 1133 2361 quam
1167 2299 1306 2346 iuvet
1341 2316 1453 2358 una,
1489 2299 1625 2346 duae.

463 2455 572 2494 June
603 2456 672 2501 132,
707 2453 807 2492 Kal.
840 2449 1154 2497 Iun.—0arna‚
1190 2462 1235 2488 or
1267 2450 1440 2489 Ογαπαέ.

225 2558 392 2604 Prima
416 2556 519 2602 dies
543 2555 652 2612 tibi,
676 2555 848 2609 Carna,
876 2553 1036 2599 datur.
1085 2552 1191 2597 Dea
1214 2550 1428 2596 cardinis
1453 2550 1569 2596 haec
1593 2553 1669 2596 est
1678 2564 1693 2608 3

268 2636 485 2684 Numine
519 2635 684 2681 clausa
717 2633 892 2696 aperit,
928 2630 1118 2677 claudit
1152 2633 1324 2693 aperta
1359 2643 1459 2676 suo.
