1788 2980
230 164 290 209 96
725 164 952 212 OVIDII
991 165 1204 211 FASTI.
1578 164 1696 228 [Lm.

227 267 401 311 Ardua
436 267 531 311 iam
569 267 753 312 dudum
791 273 987 312 resonat
1022 267 1292 313 tinnitibus
1329 268 1432 324 Ide,

145 350 201 400 170
289 347 448 393 Tutus
483 351 539 392 ut
575 347 758 392 infanti
794 347 966 408 vagiat
1001 363 1083 393 ore
1119 363 1254 409 puer.

229 420 354 472 Pars
386 427 566 489 clipeos
601 427 821 485 sudibus,
857 427 1021 488 galeas
1057 444 1171 489 pars
1205 427 1377 474 tundit
1412 427 1610 473 inanes:

297 507 407 553 Hoc
442 508 646 554 Curetes
679 507 880 564 habent,
917 507 1006 552 hoc
1041 507 1345 569 Corybantes
1381 523 1514 569 opus,

230 585 328 631 Res
362 585 513 631 latuit
548 590 771 647 patrem3
817 585 1057 647 priscique
1092 586 1370 631 imitamina
1405 586 1525 632 facti

294 667 427 711 Aera
463 666 579 711 deae
613 665 816 711 comites
852 681 1091 727 raucaque
1127 670 1269 726 terga
1304 670 1519 711 movent.

145 772 199 800 175
227 745 464 806 Cymbala
499 762 585 807 pro
622 745 787 806 galeis,
826 762 912 807 pro
950 745 1102 791 scutis
1137 751 1374 807 tympana
1410 745 1612 806 pulsant
1632 760 1645 802 3

296 826 439 871 Tibia
475 826 560 871 dat
596 825 855 886 Phrygios,
894 830 951 870 ut
988 825 1125 870 dedit
1161 830 1291 881 ante,
1329 824 1512 870 modos.

235 1008 340 1057 Why
371 1005 540 1058 Cybeles
566 1020 637 1046 car
664 1007 701 1047 is
727 1008 852 1058 yolced
891 1009 987 1047 with
1017 1009 1132 1057 lions,
1166 1009 1251 1047 and
1287 1009 1358 1047 her
1385 1008 1488 1047 head
1525 1021 1650 1047 wears
1677 1021 1702 1046 a

787 1063 964 1100 turreted
992 1075 1135 1102 crown.

232 1176 489 1221 Desierat:
537 1176 686 1238 coepi,
723 1192 811 1222 cur
846 1177 960 1222 huic
995 1193 1149 1238 genus
1184 1194 1293 1223 acre
1331 1177 1526 1223 leonum

297 1254 539 1300 Praebeat
573 1255 800 1300 insolitas
836 1256 897 1300 ad
933 1255 1048 1316 iuga
1082 1272 1233 1301 curva
1267 1256 1421 1301 iubas.

231 1332 515 1378 Desieram:
562 1333 755 1395 coepit:
803 1333 996 1379 Feritas
1031 1334 1223 1380 mollita
1257 1350 1342 1396 per
1377 1334 1513 1379 illam
1779 1334 1788 1360 ⁸

147 1429 203 1458 180
294 1413 539 1460 Creditur.
611 1413 672 1458 Id
708 1429 855 1459 curru
890 1413 1156 1459 testificata
1192 1430 1279 1459 suo
1315 1418 1405 1459 est.

233 1494 304 1538 At
340 1509 426 1538 cur
461 1493 696 1539 turrifera
731 1498 879 1555 caput
915 1498 990 1539 est
1026 1499 1202 1540 ornata
1236 1496 1445 1540 corona?

298 1574 381 1617 An
417 1572 586 1634 primis
622 1577 785 1618 turres
820 1573 1025 1619 urbibus
1061 1574 1148 1618 illa
1185 1574 1359 1619 dedit-,2

224 1755 362 1803 Erato,
395 1756 522 1804 aqam
558 1756 751 1805 appeazed
787 1760 836 1804 to,
877 1758 1062 1807 eaeplaiws
1099 1758 1186 1797 how
1223 1759 1285 1798 the
1322 1760 1452 1810 {maye
1489 1760 1535 1810 qs
1570 1760 1704 1810 Cybele

701 1822 785 1848 was
813 1811 978 1859 brouyhc
1007 1816 1042 1849 to
1071 1813 1204 1851 Rome.

233 1923 342 1969 Hoc
377 1939 580 1985 quoque,
607 1924 707 1969 dux
742 1925 914 1986 operis,
941 1941 1137 1972 moneas
1173 1943 1354 1988 precor,
1381 1928 1511 1974 unde
1547 1929 1704 1990 petita

299 2003 539 2050 Venerit:
574 2019 637 2048 an
673 2008 843 2049 nostra
880 2021 1068 2067 semper
1103 2007 1154 2052 in
1192 2010 1310 2054 urbe
1347 2009 1476 2056 fuit?

149 2098 203 2135 185
228 2082 528 2143 Dindymon,
565 2087 615 2128 et
651 2083 882 2144 Cybelen,
919 2090 969 2130 et
1003 2102 1254 2133 amoenam
1288 2088 1511 2135 fontibus
1546 2090 1667 2136 Iden

300 2162 512 2223 Semper,
549 2166 599 2208 et
634 2163 812 2208 Iliacas
849 2164 1015 2210 Mater
1049 2167 1238 2213 amavit
1274 2184 1398 2229 opes,

235 2242 356 2287 Cum
390 2242 586 2287 Troiam
620 2243 815 2288 Aeneas
851 2244 1008 2289 Italos
1045 2250 1266 2307 portaret
1303 2248 1353 2293 in
1390 2265 1547 2310 agros,
1599 2296 1601 2299 ,

300 2322 391 2367 Est
425 2323 515 2367 dea
548 2322 804 2369 sacriferas
840 2340 992 2385 paene
1028 2331 1196 2373 secuta
1230 2333 1379 2375 rates.

234 2402 328 2447 Sed
362 2402 582 2448 nondum
616 2402 736 2449 fatis
771 2403 915 2449 Latio
951 2421 1039 2450 sua
1073 2407 1276 2452 numina
1311 2408 1440 2470 posci

150 2507 206 2536 190
296 2481 538 2539 Senserat,
578 2482 791 2528 assuetis
828 2482 1216 2546 substiteratque
1252 2486 1382 2533 locis.
