1788 2980
39 216 86 247 v:
95 202 129 265 j
705 199 899 245 JUNE.
1418 187 1509 233 165

105 310 223 371 Spes
258 312 364 354 erat
403 308 456 353 in
494 324 672 360 cursu;
721 322 851 352 nunc
892 307 1017 351 Lare
1059 305 1201 367 pulsa
1241 320 1328 351 suo
1366 317 1452 350 est.

42 388 270 434 Vidimus
311 392 510 434 ornatos
550 391 717 433 aerata
757 402 843 448 per
879 386 1009 432 atria
1048 377 1180 447 picta
1538 407 1595 439 295

105 468 260 514 Veste
299 467 625 529 triumphales
665 465 947 513 occubuisse
987 481 1154 511 senes·
1143 501 1155 523 ,

50 547 272 593 Vidimus
306 547 488 592 Iliacae
527 545 788 592 transferri
827 545 1030 607 pignora
1072 545 1258 591 Vestae

107 627 242 673 Sede.
313 626 506 672 Putant
544 625 735 687 aliquos
773 625 961 670 scilicet
1000 640 1104 671 esse
1142 625 1270 670 deos.

44 709 115 752 At
156 706 197 752 si
234 705 546 768 respicerent,
587 721 684 766 qua
721 720 810 751 vos
850 704 1092 750 habitatis
1131 704 1184 750 in
1224 720 1349 762 arce,

107 787 294 847 Totque
337 786 504 832 domos
543 789 736 831 vestras
776 784 1029 830 obsidione
1066 783 1250 846 premi:
1541 808 1600 838 300

44 866 130 911 Nil
169 866 272 927 opis
312 865 365 911 in
404 881 521 912 cura
561 864 745 911 scirent
781 879 1032 926 superesse
1073 864 1288 921 deorum,

110 947 175 992 Et
216 946 333 991 data
370 944 584 992 sollicita
618 948 733 990 tura
769 944 927 1006 perire
967 960 1129 990 manu.

44 1027 212 1086 Atque
248 1024 440 1071 utinam
476 1040 667 1086 pugnae
703 1027 872 1085 pateat
907 1023 1053 1081 locus,
1094 1039 1229 1069 arma
1264 1026 1532 1085 capessant,

110 1104 191 1161 Et,
235 1103 276 1149 si
313 1120 411 1149 non
452 1107 686 1169 poterunt
722 1118 1027 1164 exsuperare,
1071 1103 1267 1149 cadant.

45 1183 192 1229 Nunc
231 1181 400 1244 inopes
436 1182 597 1229 victus
637 1182 912 1244 ignavaque
950 1182 1056 1228 fata
1093 1181 1340 1238 timentes,
1543 1203 1602 1237 305

112 1261 285 1308 Monte
322 1277 409 1308 suo
447 1262 635 1308 clausos
676 1261 887 1307 barbara
923 1262 1072 1307 turba
1109 1260 1301 1322 premit.

528 1423 609 1462 1⁷7ae
637 1422 730 1473 yods
752 1423 848 1462 hold
876 1424 1044 1463 coum-el.

45 1517 171 1564 Tum
211 1517 382 1563 Venus
419 1521 469 1562 et
507 1515 632 1563 lituo
673 1517 875 1579 pulcher
911 1518 1176 1580 trabeaque
1215 1518 1449 1574 Quirinus

112 1598 363 1661 Vestaque
400 1614 487 1660 pro
526 1598 669 1644 Latio
707 1598 866 1644 multa
903 1597 1067 1644 locuta
1104 1614 1205 1645 suo.

48 1678 268 1736 Publica,
307 1678 574 1740 respondit,
617 1695 734 1725 cura
774 1683 848 1724 est
889 1694 975 1740 pro
1015 1679 1271 1725 moenibus
1311 1679 1437 1736 istis,

114 1758 354 1820 Iuppiter,
396 1762 448 1804 et
488 1774 667 1819 poenas
705 1757 870 1804 Gallia
909 1758 1041 1805 victa
1082 1758 1234 1806 dabit.
1549 1782 1608 1810 310

47 1838 122 1884 Tu
162 1838 318 1895 modo,
360 1853 482 1898 quae
522 1838 701 1884 desunt
737 1837 920 1900 fruges,
961 1853 1209 1900 superesse
1252 1842 1491 1901 putentur

115 1917 274 1974 Effice,
316 1933 404 1963 nec
441 1917 578 1963 sedes
616 1918 796 1974 desere,
836 1917 1008 1975 Vesta,
1050 1922 1178 1964 tuas.

51 1996 397 2058 Quodcumque
419 2001 498 2042 est
523 1996 705 2042 solidae
734 1997 942 2057 Cereris,
964 2015 1085 2044 cava
1104 1999 1330 2045 machina
1353 1996 1567 2058 frangat,

116 2075 458 2137 Mollitamque
499 2091 647 2120 manu
686 2076 830 2122 duret
866 2076 919 2121 in
958 2076 1071 2137 igne
1109 2076 1260 2126 focus.

52 2155 298 2201 Iusserat:
346 2160 396 2202 et
435 2156 608 2202 fratris
645 2156 785 2218 virgo
822 2156 1055 2202 Saturnia
1092 2156 1238 2203 iussis

118 2235 328 2292 Annuit,
372 2239 422 2281 et
461 2235 648 2282 mediae
688 2241 908 2298 tempora
948 2236 1107 2283 noctis
1145 2241 1300 2283 erant.

53 2388 217 2438 Jupiter
252 2390 360 2439 yives
400 2389 466 2428 his
503 2390 640 2428 advice
688 2393 724 2428 to
765 2390 827 2428 the
866 2391 1045 2429 Romans
1083 2391 1131 2428 in
1172 2390 1234 2428 the
1264 2390 1382 2440 form
1420 2391 1467 2440 os
1501 2403 1527 2428 a

212 2443 373 2483 riddle:
409 2444 471 2481 the
499 2443 635 2482 riddle
663 2443 700 2482 is
726 2443 911 2493 quessed:
956 2443 1018 2482 tlte
1045 2444 1210 2494 sieqejs
1236 2443 1382 2483 raised.

54 2537 160 2582 Iam
198 2536 402 2582 ducibus
438 2553 660 2582 somnum
701 2538 904 2583 dederat
941 2537 1105 2583 labor:
1153 2537 1373 2599 increpat
1409 2537 1521 2584 illos

121 2617 345 2682 Iuppiter
385 2622 435 2663 et
475 2633 625 2675 sacro,
666 2618 784 2685 quid
826 2618 962 2675 velit,
1002 2633 1084 2669 ore
1122 2618 1292 2670 docet:
