1788 2980
49 183 151 249 111.]
648 185 906 233 MAROH.
1453 187 1514 232 79

49 292 285 354 Donaque
326 308 436 338 cum
476 291 644 338 videat
686 298 880 355 praeter
917 309 1005 338 sua
1046 292 1232 338 lumina
1269 293 1388 339 ferri
1545 312 1602 347 αις

114 371 280 417 Multa
316 371 492 434 palam,
531 371 669 418 mitti
710 372 834 419 clam
872 388 1062 434 quoque
1100 372 1259 418 multa
1295 375 1456 434 putat.

48 451 163 497 Non
201 451 351 497 habet
391 455 631 509 exactum,
673 452 791 514 quid
832 456 962 514 agat.
1034 451 1304 498 Furialiter
1341 451 1462 510 odit,

0 577 1 585 ἵ
114 527 180 573 Et
215 531 356 589 parat
393 527 615 585 insidias,
654 533 704 574 et
744 528 881 590 cupit
919 528 1026 573 ulta
1067 528 1205 575 mori.

0 605 1 610 ’
49 604 163 650 Nox
201 608 337 650 erat:
378 608 495 650 ante
534 609 698 651 torum
734 605 841 651 visa
878 609 954 651 est
990 606 1186 651 adstare
1228 606 1407 653 sororis

115 682 371 745 Squalenti
409 683 540 730 Dido
578 684 959 746 sanguinolenta
995 701 1145 743 coma,
1546 702 1605 733 620

50 764 128 820 Et,
169 763 318 824 Fuge,
361 778 422 809 ne
463 761 650 820 dubita,
689 767 929 809 maestum
967 762 1097 824 fuge,
1141 763 1314 821 dicere,
1354 766 1552 810 tectum.

114 841 215 888 Sub
254 842 459 888 verbum
498 841 726 903 querulas
764 841 965 904 impulit
1003 860 1122 888 aiu-a
1159 843 1302 889 fores.

50 923 221 980 Exilit,
260 927 311 969 et
351 922 495 969 velox
536 923 712 969 humili
751 940 896 987 super
936 941 1054 971 arva
1096 926 1315 972 fenestra

115 1003 177 1050 Se
215 1002 332 1049 iacit
349 1018 362 1061 3
402 1003 633 1049 audacem
671 1003 854 1050 fecerat
893 1003 996 1066 ipse
1032 1006 1193 1053 timor.

49 1084 247 1146 Quaque
283 1087 420 1130 metu
455 1082 663 1145 rapitur,
701 1066 871 1131 tunica
904 1085 1070 1132 velata
1106 1086 1322 1133 recincta
1547 1101 1606 1137 εις

122 1163 305 1221 Currit,
345 1167 403 1208 ut
442 1162 627 1209 auditis
668 1163 846 1210 territa
883 1164 1026 1210 dama
1063 1165 1206 1228 lupis.

50 1243 283 1305 Corniger
320 1242 445 1288 hanc
481 1241 669 1305 cupidis
709 1243 927 1305 rapuisse
965 1244 1224 1291 Numicius
1261 1245 1408 1291 undis

116 1324 360 1380 Creditur,
403 1327 453 1369 et
491 1323 681 1385 stagnis
719 1324 986 1371 occuluisse
1026 1325 1141 1372 suis.

50 1384 243 1451 Sidonis
280 1403 470 1449 interea
508 1418 685 1465 magno
723 1403 930 1450 clamore
969 1421 1055 1466 per
1093 1422 1236 1468 agros

114 1485 390 1541 Quaeritur.
459 1485 719 1547 Apparent
756 1485 896 1547 signa
933 1489 1173 1547 notaeque
1211 1486 1402 1548 pedum.
1548 1501 1608 1541 630

50 1566 271 1612 Ventum
308 1568 414 1610 erat
455 1564 517 1609 ad
555 1564 719 1626 ripas:
767 1564 965 1610 inerant
1006 1564 1218 1626 vestigia
1258 1564 1394 1627 ripiS.

115 1644 365 1691 Sustinuit
401 1643 580 1690 tacitas
621 1644 842 1690 conscius
883 1643 1042 1690 amnis
1080 1661 1244 1706 aquas.

50 1724 165 1787 Ipsa
204 1723 337 1786 loqui
375 1723 482 1770 visa
520 1728 624 1770 est:
678 1723 870 1770 Placidi
909 1740 1017 1770 sum
1054 1726 1269 1787 nympha
1307 1726 1539 1774 Numici:

114 1805 275 1849 Amne
316 1818 528 1865 perenne
565 1803 728 1850 latens
765 1804 916 1849 Anna
957 1804 1181 1849 Perenna
1218 1822 1377 1852 vocor.

50 1883 284 1930 Protinus
322 1882 499 1929 erratis
536 1883 654 1929 laeti
693 1888 962 1929 vescuntur
998 1883 1051 1928 in
1089 1884 1235 1945 agris,
1549 1902 1607 1941 635

116 1965 183 2011 Et
220 1963 474 2010 celebrant
515 1963 651 2026 largo
694 1980 839 2025 seque
878 1963 1101 2025 diemque
1139 1980 1284 2012 mero.

53 2127 190 2168 others
212 2125 330 2165 think
357 2126 443 2164 that
463 2126 591 2164 Anna
613 2126 798 2164 Perenna
826 2125 862 2163 is
890 2125 951 2163 the
977 2125 1108 2175 Moon,
1131 2137 1174 2162 or
1206 2125 1376 2173 Themis,
1403 2138 1447 2165 or
1467 2126 1524 2174 Io,

518 2191 562 2218 or
589 2191 616 2217 a
644 2179 843 2228 dazcylzcer
871 2179 917 2228 os
940 2179 1071 2217 Atlas.

54 2289 181 2336 Sunt
217 2289 395 2351 quibus
433 2288 551 2334 haec
588 2288 728 2333 Luna
767 2292 856 2345 est,
890 2287 1005 2349 quia
1036 2287 1287 2333 mensibus
1319 2287 1518 2350 impleat

76 2362 84 2372 ⁸
248 2384 463 2426 annum3

118 2448 243 2494 Pars
282 2447 505 2504 Themin,
544 2446 799 2492 Inachiam
841 2462 953 2508 pars
993 2450 1138 2508 putat
1175 2462 1278 2492 esse
1317 2446 1504 2493 bovem.

55 2526 301 2584 Invenies,
341 2526 427 2588 qui
465 2530 516 2572 te
555 2525 820 2587 Nymphen
859 2524 1129 2570 Atlantida
1168 2525 1350 2583 dicant,

122 2608 283 2669 Teque
322 2606 434 2653 Iovi
474 2605 670 2668 primos,
710 2605 874 2662 Anna,
914 2604 1104 2651 dedisse
1141 2605 1288 2653 cibos.
1550 2619 1610 2655 640
