1788 2980
110 159 166 226 1.]
665 165 993 213 JANUARY.
1550 171 1577 216 5

173 272 240 318 Et
273 271 492 334 gelidum
528 273 695 321 subito
729 274 914 338 frigore
948 279 1119 338 pectus
1154 281 1274 324 erat.

108 352 214 413 Ille,
252 356 428 400 tenens
462 353 638 401 dextra
673 355 901 402 baculum
934 356 1216 419 clavemque
1253 357 1468 419 sinistra,

173 432 345 480 Edidit
378 434 466 481 hos
501 434 643 481 nobis
677 450 759 482 ore
794 435 955 498 priore
989 452 1164 483 sonos:
1610 465 1660 488 m

535 582 658 632 First,
692 583 754 622 He
783 595 867 622 was
894 596 983 623 o‘noe
1013 559 1152 624 chaos.

106 686 265 745 Disce,
302 690 437 733 metu
472 686 645 750 posito,
684 691 824 733 vates
860 701 1057 748 operose
1093 686 1296 746 dierum,

171 768 309 823 Quod
346 767 488 830 petis,
525 772 576 814 et
611 782 752 814 voces
788 767 980 830 percipe
1015 773 1180 814 mente
1216 784 1362 816 meas.

106 848 188 896 Me
223 848 381 895 Chaos
415 848 622 911 antiqui,
661 864 774 894 nam
809 864 916 894 sum
952 864 1029 895 res
1064 848 1235 912 prisca,
1273 852 1531 897 vocabant.

168 928 363 993 Aspice,
399 945 546 992 quam
581 928 716 992 longi
751 927 988 992 temporis
1022 933 1133 976 acta
1167 946 1352 977 canam.

105 1005 318 1053 Lucidus
353 1006 436 1053 hic.
465 1009 548 1053 ae'r
582 1010 633 1053 et
667 1022 792 1069 quae
826 1006 925 1052 tria
959 1023 1161 1070 corpora
1195 1011 1404 1068 restant,
1609 1034 1660 1064 tog

170 1086 323 1150 Ignis,
361 1102 529 1149 aquae,
567 1086 731 1147 tellus,
772 1102 900 1133 unus
936 1076 1139 1134 acervus
1173 1092 1330 1137 erant.

104 1167 178 1214 Ut
213 1166 361 1214 semel
397 1167 515 1213 haec
550 1182 713 1213 rerum
749 1166 949 1214 secessit
983 1167 1072 1214 lite
1108 1183 1322 1226 suarum,

169 1246 326 1310 Inque
361 1262 514 1293 novas
548 1246 673 1293 abiit
708 1261 870 1293 massa
905 1246 1069 1293 soluta
1089 1242 1287 1308 domos,

103 1326 281 1373 Altum
315 1327 507 1372 flamma
542 1326 703 1390 petit3
748 1326 947 1391 ‘propior
980 1326 1115 1374 locus
1150 1331 1264 1374 aera
1298 1329 1459 1393 cepit,

170 1405 415 1453 Sederunt
449 1405 609 1453 medio
644 1410 778 1453 terra
812 1406 1093 1470 fretumque
1130 1408 1247 1456 solo.
1610 1436 1666 1458 no

101 1485 237 1533 Tunc
269 1502 369 1550 ego,
396 1486 481 1549 qui
515 1485 705 1534 fueram
736 1486 913 1549 globus
942 1492 992 1534 et
1024 1487 1130 1535 sine
1165 1488 1378 1552 imagine
1409 1490 1575 1550 moles,

168 1565 231 1613 In
266 1565 441 1613 faciem
476 1566 599 1614 redii
636 1566 880 1630 dignaque
916 1568 1134 1614 membra
1169 1569 1272 1616 deo.
1572 1626 1595 1630 „,

101 1647 249 1694 Nunc
279 1662 482 1710 quoque,
510 1646 741 1694 confusae
769 1648 1016 1709 quondam
1048 1653 1168 1695 nota
1202 1665 1354 1712 parva
1377 1650 1574 1712 figurae,
1616 1637 1629 1713 i

168 1728 304 1775 Ante
337 1727 465 1790 quod
501 1732 578 1774 est
612 1727 664 1774 in
699 1743 775 1774 me
811 1732 1028 1791 postque,
1065 1728 1264 1776 videtur
1299 1730 1441 1778 idem.
1552 1717 1630 1724 *w

102 1886 307 1938 Secondly,
335 1886 398 1926 He
427 1880 543 1936 'opens
570 1886 656 1925 ami
682 1886 795 1926 shuts
822 1887 884 1926 all
912 1887 1057 1938 thinqs,
1082 1888 1168 1927 and
1195 1889 1233 1928 is
1261 1889 1322 1927 the
1354 1888 1585 1940 doorkeeper

475 1939 671 1990 (Jam'tor)
702 1941 750 1991 os
779 1940 927 1980 heaven
949 1944 1035 1982 ancl
1063 1944 1189 1986 earth.

103 2035 296 2099 Accipe,
331 2035 582 2099 quaesitae
616 2051 739 2098 quae
773 2052 919 2083 causa
953 2036 1021 2084 sit
1054 2036 1212 2083 altera
1245 2037 1443 2096 formae,
1609 2063 1662 2092 ης

167 2117 311 2163 Hanc
347 2115 494 2164 simul
531 2121 587 2163 ut
622 2116 757 2164 noris
792 2117 1096 2181 officiumque
1131 2134 1306 2166 meum.

99 2197 347 2259 Quidquid
383 2196 564 2260 ubique
596 2197 746 2259 vides,
777 2198 979 2260 caelum,
1009 2214 1156 2257 mare,
1186 2199 1371 2259 nubila,
1399 2204 1573 2260 terras,

165 2277 343 2325 Omnia
377 2281 495 2324 sunt
529 2282 701 2325 nostra
734 2277 902 2326 clausa
937 2282 1207 2342 patentque
1242 2296 1404 2326 manu.

100 2359 182 2406 Me
215 2373 363 2422 penes
397 2361 474 2405 est
509 2374 661 2405 unum
694 2358 828 2406 vasti
861 2360 1085 2407 custodia
1118 2360 1307 2419 mundi,

164 2440 230 2486 Et
264 2439 341 2487 ius
376 2440 602 2487 vertendi
638 2439 853 2487 cardinis
888 2455 1030 2487 omne
1064 2456 1227 2486 meum
1261 2444 1354 2487 est.

97 2520 220 2567 Cum
255 2520 402 2567 libuit
440 2520 614 2567 Pacem
652 2519 857 2583 placidis
893 2519 1118 2567 emittere
1153 2521 1314 2581 tectis,

166 2601 352 2647 Libera·
375 2606 635 2664 perpetuas
671 2601 893 2648 ambulat
929 2601 1015 2648 illa
1051 2601 1170 2649 vias.
