1788 2980
70 165 138 233 v.]
728 173 885 219 MAY.
1443 174 1533 221 129

74 280 188 337 Hic,
211 280 295 325 ubi
318 296 447 326 nunc
471 281 628 326 Roma
650 285 726 327 est
749 279 881 326 orbis
903 282 1063 340 caput,
1089 278 1234 324 arbor
1257 283 1307 324 et
1331 280 1522 339 herbae,

137 360 203 405 Et
237 375 417 422 paucae
449 361 654 421 pecudes
689 364 740 406 et
773 375 884 405 casa
917 374 1028 404 rara
1061 356 1173 404 fuit.

71 439 175 494 Quo
198 443 455 501 postquam
479 444 682 485 ventum
707 443 797 496 est,
824 437 1106 495 Consistite,
1132 438 1348 499 praescia
1370 443 1541 495 mater,
1584 465 1622 494 95

135 519 265 564 Nam
299 519 432 565 locus
466 519 658 581 imperii
692 535 776 565 rus
811 518 908 565 erit
940 518 1090 575 istud,
1128 517 1212 564 ait.

8 610 9 616 ¹
69 598 136 643 Et
169 598 316 644 matri
351 602 402 644 et
436 599 542 644 vati
578 603 718 660 paret
752 597 1030 643 Nonacrius
1067 598 1224 654 heros,

134 677 292 739 Inque
326 678 584 740 peregrina
619 678 848 724 constitit
882 678 1056 739 hospes
1090 678 1250 724 humo.

5 759 7 763 ⁴
68 757 307 819 Sacraque
341 758 499 803 multa
532 758 742 819 quidem,
772 758 856 803 sed
891 757 1049 803 Fauni
1084 757 1241 819 prima
1275 757 1488 804 bicornis

133 837 241 882 Has
276 837 441 882 docuit
476 842 663 898 gentes,
699 837 1000 899 alipedisque
1035 837 1126 884 dei.
1565 864 1620 884 loo

0 923 3 943 *
67 916 352 979 Semicaper,
391 917 563 963 coleris
597 917 846 974 cinctutis,
883 918 1065 974 Faune,
1102 917 1348 979 Lupercis,

132 997 254 1042 Cum
289 996 509 1042 lustrant
543 997 757 1043 celebres
791 996 976 1042 vellera
1011 1000 1144 1043 secta
1177 996 1296 1044 vias.

169 1136 302 1174 Hence
331 1136 393 1174 the
421 1136 580 1175 honour
601 1137 707 1186 γαῖά
734 1140 771 1175 to
799 1137 918 1175 Maia
946 1137 994 1175 in
1023 1137 1085 1175 the
1113 1149 1233 1175 name
1262 1137 1414 1176 Manes.

64 1224 136 1270 At
170 1229 227 1269 tu
261 1228 482 1269 materno
519 1223 715 1269 donasti
749 1223 944 1270 nomine
979 1239 1208 1280 mensem,

128 1304 369 1350 Inventor
403 1320 594 1361 curvae,
632 1303 826 1349 furibus
861 1308 989 1366 apte,
1026 1302 1151 1349 fidis.

62 1384 165 1431 Nec
199 1383 356 1446 pietas
391 1384 507 1430 haec
543 1383 700 1446 prima
735 1388 823 1428 tua
857 1389 960 1430 est:
1007 1387 1210 1445 septena
1245 1384 1451 1445 putaris,
1561 1409 1615 1436 ιος

126 1464 380 1510 Pleiadum
416 1479 688 1519 numerum,
725 1463 809 1508 fila
844 1463 1036 1509 dedisse
1070 1463 1219 1524 lyrae.

61 1543 197 1589 Haec
231 1558 420 1605 quoque
456 1543 667 1589 desierat
683 1558 697 1601 3
745 1543 949 1588 laudata
984 1547 1060 1588 est
1099 1558 1215 1588 voce
1249 1558 1480 1588 sororum.

126 1623 251 1678 Quid
287 1623 499 1669 faciaml
547 1624 719 1668 turbae
755 1639 866 1685 pars
901 1623 1052 1668 habet
1086 1622 1242 1667 omnis
1276 1622 1419 1669 idem.

61 1703 235 1748 Gratia
269 1702 520 1748 Pieridum
556 1702 697 1748 nobis
733 1702 1003 1763 aequaliter
1035 1702 1180 1759 adsit,

125 1784 372 1845 Nullaque
407 1784 637 1829 laudetur
671 1783 844 1845 plusve
879 1783 1104 1829 minusve
1138 1784 1271 1830 mihi.

138 1904 239 1954 May
268 1906 338 1951 lst,
372 1904 472 1945 Kal.
504 1904 755 1943 Mai.--lee
783 1904 1056 1942 constellation
1083 1905 1131 1953 of
1155 1904 1320 1953 Capella
1348 1905 1457 1945 risos.

61 1994 142 2039 Ab
178 1993 297 2038 Iove
338 1997 508 2054 surgat
552 2009 684 2054 opus.
757 1992 925 2037 Prima
961 1991 1082 2037 mihi
1119 1997 1261 2038 nocte
1299 1993 1512 2039 videnda

126 2072 281 2118 Stella
321 2077 395 2118 est
431 2073 484 2117 in
525 2088 674 2118 cunas
715 2071 923 2117 officiosa
960 2071 1132 2132 Iovis3

61 2151 296 2198 Nascitur
333 2151 533 2198 Oleniae
572 2151 766 2213 signum
805 2150 1018 2212 pluviale
1061 2150 1285 2212 Capellae
1302 2168 1315 2210 3

126 2231 224 2276 Illa
264 2230 369 2276 dati
404 2231 591 2277 caelum
633 2229 846 2292 praemia
887 2229 1030 2275 lactis
1070 2230 1233 2277 habet.

63 2371 311 2412 Amalthea‘s
335 2376 435 2422 ροαε,
458 2372 611 2422 havinq
637 2372 799 2411 suckled
825 2372 1003 2421 Jupiter,
1027 2383 1112 2410 was
1137 2372 1274 2411 raised
1301 2375 1339 2411 lo
1366 2372 1526 2414 hema.

348 2425 430 2464 The
461 2426 723 2475 Cornucopia,
757 2439 803 2464 or
834 2426 960 2464 ‘horn
989 2425 1037 2474 of
1051 2424 1221 2475 plenty!

74 2511 198 2558 Nais
238 2512 520 2569 Amalthea,
561 2513 766 2559 Cretaea
802 2512 984 2559 nobilis
1024 2512 1132 2571 Ida,
1559 2539 1614 2569 115

126 2592 323 2638 Dicitur
358 2593 411 2638 in
448 2592 893 2639 silvis⁸ecculuisse
933 2592 1117 2640 Iovem..
