1788 2980
29 221 93 255 v1.
101 207 116 270 J
690 204 880 250 JUNE.
1420 201 1511 248 153

496 688 634 734 Boon
674 688 1030 735 VL-JUNE.

38 907 118 946 The
146 919 264 946 name
291 907 401 946 June
428 918 464 945 w
493 907 540 956 os
572 906 759 956 doubtful
799 907 946 956 oriqin.
1008 905 1276 945 Heaven-seus
1315 904 1505 955 etz-plana·

335 961 438 999 tion-3
465 972 535 999 are
563 961 678 1009 given
706 964 742 998 to
771 961 833 999 the
861 959 1044 1010 inspired
1074 959 1190 1000 Ovid.

33 1075 132 1121 Hic
166 1090 356 1137 quoque
391 1073 573 1121 mensis
608 1073 757 1119 habeb
793 1073 968 1119 dubias
1003 1073 1055 1119 in
1091 1072 1288 1119 nomine
1323 1087 1522 1118 causas:

100 1155 232 1211 Quae
266 1154 508 1216 placeant,
546 1153 718 1216 positis
754 1153 996 1211 omnibus,
1032 1154 1136 1216 ipse
1171 1153 1314 1214 leges,

34 1237 184 1283 Facta
217 1251 402 1292 canam,
439 1235 524 1280 sed
559 1238 705 1280 erunb
739 1234 825 1296 qui
859 1250 935 1280 me
970 1234 1168 1281 finxisse
1204 1234 1484 1296 loquantur,

99 1315 347 1377 Nullaque
383 1314 582 1360 mortali
615 1314 821 1361 numina
855 1314 962 1361 visa
998 1319 1190 1377 putenb.

37 1396 127 1444 Est
162 1396 280 1442 deus
315 1394 368 1440 in
403 1394 575 1453 nobis5
619 1394 844 1456 agitan'oe
879 1394 1163 1441 calescimus
1198 1394 1316 1447 illo;

100 1474 322 1538 Impetus
358 1473 436 1520 hic
470 1490 634 1520 sacrae
668 1473 854 1520 semina
888 1474 1068 1520 mentis
1104 1473 1267 1520 habet.

36 1556 130 1603 Fas
164 1554 284 1602 mihi
320 1554 573 1617 praecipue
608 1553 780 1601 vultus
814 1553 997 1601 vidisse
1034 1554 1246 1611 deorum,

102 1635 196 1683 Vel
232 1635 347 1698 quia
382 1651 490 1682 sum
525 1639 680 1692 vates,
716 1634 796 1681 vel
831 1634 945 1697 quia
978 1649 1116 1681 sacra
1149 1650 1284 1680 cano.

36 1717 128 1763 Est
162 1731 331 1762 nemus
365 1715 623 1761 arboribus
658 1713 879 1771 densum,
915 1719 1130 1760 secretus
1164 1715 1226 1760 ab
1262 1713 1394 1759 omni

101 1796 234 1842 Voce
271 1795 421 1852 locus,
457 1795 499 1840 si
535 1809 633 1839 non
669 1793 1040 1855 obstreperebur
1074 1793 1227 1855 aquis.

39 1875 136 1923 Hic
169 1890 258 1937 ego
293 1874 600 1936 quaerebam,
635 1873 795 1935 coepti
830 1888 953 1934 quae
988 1873 1170 1919 mensis
1205 1871 1341 1934 origo

104 1956 262 2013 Esset,
298 1959 348 2001 ef,
383 1954 435 2000 in
470 1970 587 2000 cura
617 1952 830 1999 nominis
866 1952 1014 1999 huius
1049 1969 1194 1999 eram.

532 2122 564 2159 1.
602 2120 682 2158 The
707 2119 800 2169 plac
829 2121 876 2169 of
896 2118 1021 2159 Juno.

42 2240 161 2285 Ecce
197 2238 311 2284 deas
345 2237 478 2283 vidi:
515 2252 613 2282 non
649 2251 770 2298 quas
805 2239 1088 2298 praeceptor
1121 2236 1294 2282 arandi

107 2317 332 2373 Viderat,
368 2318 607 2362 Ascraeas
640 2330 751 2362 cum
786 2319 1072 2376 sequeretur
1105 2332 1234 2372 oves,

43 2398 146 2445 Nec
180 2412 299 2459 quas
333 2396 607 2442 Priamides
641 2395 694 2441 in
729 2410 937 2456 aquosae
971 2395 1186 2441 vallibus
1222 2396 1341 2442 Idae

110 2476 363 2530 Contulib3
411 2492 471 2522 ex
504 2475 606 2521 illis
643 2475 726 2521 sed
762 2479 929 2520 tamen
965 2491 1063 2519 una
1097 2474 1211 2521 fuit.

9 2607 11 2613 ,
45 2558 124 2605 Ex
153 2557 254 2603 illis
287 2556 388 2603 fuit
422 2572 535 2614 una,
572 2555 648 2602 sui
682 2572 913 2617 germana
947 2554 1115 2601 mariti
1134 2570 1148 2613 3

114 2636 249 2683 Haec
283 2639 404 2695 erat,
446 2633 686 2698 (agnovi,)
719 2638 980 2697 quae‘stat
1014 2633 1067 2679 in
1101 2649 1210 2680 arce
1244 2634 1385 2681 Iovis
