1788 2980
247 178 308 222 80
744 175 971 223 ΘΗΜ]
1011 176 1221 224 msrs.
1591 177 1704 242 [m.

237 334 300 384 By
326 347 429 374 some
456 334 522 373 she
550 335 587 373 is
615 334 824 384 identified
862 335 961 374 with
990 335 1119 374 Anna
1149 336 1286 383 (anus)
1316 336 1363 386 of
1391 336 1586 384 Bovillae,
1620 337 1707 374 who

630 388 707 438 sed
734 388 797 426 che
819 390 957 438 people
986 390 1035 426 in
1062 389 1167 427 their
1194 390 1301 429 owed.

244 482 379 528 Haec
397 498 602 544 quoque,
620 498 768 544 quam
786 482 1009 539 referam,
1030 487 1223 528 nostras
1248 483 1471 544 pervenit
1489 484 1549 529 ad
1569 499 1709 530 aures

309 563 473 619 Fama,
514 578 602 608 nec
643 578 672 607 a
709 577 826 607 vera
867 561 1075 607 dissidet
1114 561 1201 606 illa
1241 562 1348 607 fide.

241 641 390 688 Plebs
429 646 587 699 vetus,
626 646 679 687 et
715 641 868 687 nullis
906 641 1054 687 etiam
1091 657 1222 686 nunc
1262 645 1375 686 tuta
1411 641 1642 699 tribunis,
1777 630 1788 700 Ἰ

307 721 473 784 Fugit,
513 725 563 767 et
600 720 652 765 in
694 719 830 766 Sacri
868 720 1052 766 vertice
1094 720 1284 766 Montis
1323 726 1443 767 erat.
1774 708 1775 712 Ἰ

153 814 211 854 ⁶4⁵
238 798 345 845 Iam
385 815 591 862 quoque,
633 814 778 861 quem
820 815 982 845 secum
1020 800 1256 856 tulerant,
1297 800 1541 846 defecerat
1577 800 1686 845 illos

307 879 487 925 Victus
526 883 577 925 et
614 879 842 925 humanis
883 879 1054 925 usibus
1100 884 1217 941 apta
1255 880 1414 926 Ceres.

240 956 362 1003 Orta
403 956 701 1002 suburbanis
740 956 977 1017 quaedam
1014 956 1114 1002 fuit
1150 958 1300 1003 Anna
1339 957 1562 1014 Bovillis,

304 1039 497 1100 Pauper
534 1038 618 1085 sed
660 1039 871 1084 mundae
909 1039 1191 1085 sedulitatis
1228 1056 1366 1085 anus.

239 1118 351 1176 Illa,
391 1119 489 1165 levi
528 1119 681 1165 mitra
723 1134 869 1165 canos
909 1120 1139 1165 redimita
1179 1120 1395 1182 capillos,

150 1214 209 1252 ⁶50
299 1199 542 1260 Fingebat
581 1199 795 1245 tremula
834 1199 1020 1245 rustica
1059 1200 1161 1246 liba
1198 1216 1359 1245 manu.

237 1279 405 1339 Atque
443 1278 516 1323 ita
553 1294 639 1340 per
675 1278 909 1340 populum
946 1278 1193 1324 fumantia
1233 1295 1375 1324 mane
1417 1278 1605 1324 solebat

302 1357 550 1404 Dividere.
622 1358 760 1404 Haec
801 1357 979 1420 populo
1017 1357 1154 1419 copia
1191 1363 1333 1420 grata
1370 1357 1480 1403 fuit.

237 1439 361 1485 Pace
400 1439 530 1485 domi
569 1439 704 1485 facta
742 1439 937 1501 signum
979 1455 1181 1501 posuere
1222 1439 1487 1495 Perennae,

301 1517 439 1572 Quod
483 1516 577 1562 sibi
616 1516 823 1564 defectis
864 1517 951 1563 illa
992 1517 1192 1564 tulisset
1229 1533 1380 1579 opem.

1770 1322 1788 1373 &w

230 1682 292 1719 On
320 1681 382 1719 the
410 1681 502 1719 Ides
530 1681 579 1730 of
610 1680 756 1719 March
795 1679 942 1719 Julius
973 1681 1120 1720 Caesar
1147 1693 1230 1719 was
1258 1680 1552 1720 assassinated:
1599 1680 1693 1726 But,

226 1746 318 1784 says
355 1735 480 1782 Vesta,
517 1735 544 1772 I
568 1734 688 1773 saved
715 1746 785 1783 ‘my
807 1734 944 1784 priest,
978 1735 1063 1772 and
1090 1735 1124 1772 it
1151 1747 1236 1773 was
1263 1735 1359 1784 only
1386 1746 1413 1772 a
1435 1734 1631 1783 phantom
1659 1735 1703 1782 os
1787 1728 1788 1737 ¹

695 1787 843 1826 Caesar
869 1788 1000 1826 which
1017 1788 1110 1837 fell,

144 1898 203 1938 655
229 1883 597 1929 Praeteriturus
638 1898 770 1928 eram
808 1883 997 1944 gladios
1034 1883 1086 1928 in
1127 1883 1344 1945 principe
1381 1884 1515 1940 fixos,

298 1963 419 2009 Cum
459 1962 526 2008 sic
567 1979 596 2007 a
634 1962 782 2008 castis
822 1963 981 2008 Vesta
1023 1962 1186 2008 locuta
1226 1962 1377 2009 focis:

231 2041 309 2088 Ne
346 2040 521 2087 dubita
557 2040 863 2087 meminisse:
911 2057 1046 2087 meus
1084 2041 1183 2087 fuit
1223 2041 1307 2087 ille
1345 2042 1566 2087 sacerdos
1585 2057 1598 2100 3

304 2119 579 2180 sacrilegae
617 2119 732 2165 telis
772 2135 848 2166 me
889 2120 1072 2181 petiere
1110 2136 1298 2166 manus.

228 2199 345 2262 Ipsa
382 2198 545 2244 virum
583 2198 737 2260 rapui,
779 2198 1131 2260 simulacraque
1173 2199 1305 2244 nuda
1344 2198 1520 2259 reliqui
1537 2215 1551 2256 3

141 2294 202 2325 660
291 2277 425 2334 Quae
462 2278 639 2324 cecidit
679 2277 825 2336 ferro,
867 2278 1087 2324 Caesaris
1124 2280 1298 2324 umbra
1338 2279 1451 2325 fuit.

228 2356 323 2403 Ille
359 2356 556 2418 quidem
597 2356 729 2402 caelo
771 2355 960 2418 positus
1001 2356 1137 2402 Iovis
1175 2358 1303 2402 atria
1340 2357 1484 2415 vidit,
1785 2371 1788 2393 ⁴

293 2436 359 2481 Et
398 2439 537 2480 tenet
573 2435 626 2480 in
665 2451 843 2497 magno
884 2435 1068 2496 templa
1109 2435 1271 2481 dicata
1310 2436 1431 2483 foro.

228 2516 299 2560 At
339 2514 628 2576 quicumque
666 2514 806 2561 nefas
843 2514 966 2572 ausi,
1005 2514 1296 2576 prohibente
1339 2516 1537 2561 deorum

291 2593 521 2650 Numine,
561 2594 842 2655 polluerant
880 2593 1157 2655 pontificale
1198 2599 1360 2656 caput,
