1788 2980
0 156 2 177 >
73 156 130 223 1.]
630 158 955 206 JANUARY.
1484 154 1542 202 13

140 267 299 329 Inque
335 267 502 314 domos
529 283 728 330 superas
765 267 996 314 scandere
1030 281 1147 312 cura
1182 263 1292 310 fuit.

75 347 320 395 Credibile
355 352 428 395 est
465 347 578 394 illos
613 348 799 410 pariter
835 347 1069 409 vitiisque
1105 344 1319 406 locisque

97 420 101 424 ⁵
141 431 314 478 Altius
349 431 576 478 humanis
613 429 884 477 exseruisse
918 432 1080 491 caput.
1580 447 1638 476 300

77 511 191 559 Non
225 511 399 559 Venus
434 516 521 558 aut
555 511 727 558 vinum
764 509 994 557 sublimia
1028 512 1225 571 pectora
1261 505 1426 567 fregit,

144 591 427 639 Officiumve
461 591 571 649 fori,
608 590 880 658 militiaeve
916 589 1072 637 labor.

79 673 182 720 Nec
218 672 341 722 levis
376 671 596 730 ambitio,
635 671 927 735 perfusaque
962 669 1119 733 gloria
1155 669 1280 726 fuco,

146 754 504 816 Magnarumve
541 752 696 799 fames
733 750 1024 798 sollicitavit
1061 766 1220 813 opum.

81 834 357 881 Admovere
392 832 545 880 oculis
582 832 824 879 distantia
859 831 1020 878 sidera
1055 829 1254 886 nostriS,
1582 850 1639 880 305

147 913 462 977 Aetheraque
498 912 696 976 ingenio
733 927 1030 975 supposuere
1067 927 1166 958 suo.

82 994 160 1040 Sic
195 993 384 1057 petitur
417 992 622 1052 caelum,
658 1009 757 1040 non
793 997 850 1039 ut
886 991 1015 1039 ferat
1051 991 1207 1038 Ossan
1245 989 1498 1051 Olympus,

150 1074 441 1137 Summaque
476 1073 701 1121 Peliacus
737 1073 897 1120 sidera
932 1076 1109 1134 tangat
1144 1086 1344 1145 ‘²1³0qu

87 1155 188 1201 Nos
222 1170 412 1217 quoque
449 1154 540 1201 sub
576 1152 784 1200 ducibus
819 1153 1006 1200 caelum
1043 1151 1341 1198 metabimur
1375 1149 1490 1206 illis,

150 1235 490 1296 Ponemusque
526 1250 639 1281 suos
673 1234 735 1281 ad
772 1250 898 1296 vaga
934 1232 1075 1295 signa
1111 1231 1229 1278 dies.
1590 1252 1645 1283 31e

165 1393 362 1441 Jcmuary
390 1393 479 1442 Sul,
511 1393 597 1434 a.d.
631 1393 737 1442 ῙῙῙ.,
770 1392 880 1433 Non.
911 1389 1228 1440 ‹sam—Setting]
1256 1388 1302 1439 of
1326 1388 1474 1428 Cancer

90 1496 218 1557 Ergo
255 1495 339 1541 ubi
374 1511 470 1541 nox
506 1495 666 1541 aderit
701 1492 926 1541 venturis
961 1491 1113 1538 tertia
1147 1489 1321 1548 Nonis,

155 1575 426 1637 Sparsaque
462 1574 660 1621 caelesti
697 1590 803 1621 rore
838 1572 1057 1620 madebit
1094 1571 1286 1627 humus,

84 1653 341 1717 Octipedis
375 1654 562 1701 frustra
595 1658 896 1716 quaerentur
930 1648 1159 1699 bracchia
1195 1645 1371 1694 Cancri
1389 1663 1410 1708 3>

162 1735 400 1797 Praeceps
437 1734 662 1781 occiduas
697 1733 782 1780 ille
819 1731 1007 1779 subivit
1042 1747 1206 1793 aquas.

92 1894 288 1943 January
318 1893 398 1942 ὅθι,
431 1892 539 1933 Non.
566 1891 812 1932 «ἶφι-1716
842 1890 974 1938 rising]
1003 1889 1049 1939 of
1072 1887 1198 1938 Lyra,
1233 1885 1404 1936 usually
1431 1897 1573 1924 accom-

623 1943 779 1996 paniad
807 1943 907 1983 with
935 1943 1046 1982 rain.

91 2048 380 2096 Institerint
417 2049 622 2096 Nonae:
661 2047 799 2095 missi
836 2047 930 2094 tibi
967 2046 1183 2093 nubibus
1219 2044 1345 2092 atris
1600 2057 1655 2088 ³¹³

162 2133 315 2195 Signa
354 2132 546 2178 dabunt
583 2132 767 2179 imbres
803 2131 1058 2178 exoriente
1094 2129 1241 2190 Lyra.

98 2279 294 2330 January
314 2277 394 2327 9572,
418 2278 500 2318 ad.
533 2278 576 2318 V.
602 2278 669 2318 Id.
694 2277 847 2318 Jan.—-
860 2277 941 2316 The
962 2276 1199 2327 Aqonalia:
1227 2275 1393 2314 various
1421 2274 1573 2315 deriva-

508 2331 613 2370 tions
641 2331 689 2382 of
709 2330 772 2370 the
800 2329 911 2369 word
937 2329 1147 2380 suqqested.

101 2435 350 2490 Quattuor
383 2434 508 2480 adde
544 2433 647 2480 dies
684 2432 845 2479 ductis
881 2448 941 2478 ex
976 2431 1147 2478 ordine
1183 2431 1358 2491 Nonis,

167 2513 321 2560 Ianus
355 2512 572 2576 Agonali
607 2511 712 2559 luce
749 2511 960 2574 piandus
995 2510 1103 2558 erit.

108 2592 334 2641 Nominis
368 2608 472 2641 esse
508 2596 671 2656 potest
707 2591 983 2639 succinctus
1018 2607 1162 2639 causa
1197 2590 1438 2649 minister,
