1788 2980
142 271 145 275 ⁵
195 214 223 260 2
544 248 546 253 ,
646 178 649 180 ’
691 183 918 259 oVJDJJ
958 211 1165 257 FASTJ.
1543 209 1658 274 [mn.
1721 248 1725 252 .

260 316 523 379 Ingenium
560 304 705 361 vultu
734 319 939 376 statque
973 314 1200 375 caditque
1237 320 1337 358 tuo.

194 393 385 456 Pagina
419 392 654 439 iudicium
690 391 822 438 docti
857 391 1084 437 subitura
1119 395 1345 437 movetur

130 500 168 521 ιο
256 472 516 535 Principis,
554 476 611 518 ut
647 471 809 518 Olario
844 470 993 517 missa
1028 470 1234 533 legenda
1269 471 1371 516 deo.

193 552 327 608 Quae
361 552 429 598 sit
464 551 594 598 enim
629 550 752 597 culti
786 550 1017 597 facundia
1052 550 1293 597 sensimus
1328 549 1440 613 oris,

261 632 427 679 Civica
460 648 547 695 pro
581 631 789 695 trepidis
825 647 935 677 oum
969 631 1091 678 tulit
1125 647 1261 676 arma
1296 630 1406 677 reis.

193 714 382 762 Scimus
417 718 468 760 et
502 714 564 759 ad
599 717 795 760 nostras
830 729 940 759 oum
975 729 1026 760 se
1062 713 1184 759 tulit
1219 712 1432 775 impetus
1467 717 1615 770 arteS‚

259 793 458 857 Ingenii
491 798 694 840 currant
729 793 930 839 fiumina
964 798 1150 856 quanta
1184 793 1274 840 tui.

128 901 164 931 25
190 875 243 923 Si
276 874 393 922 licet
428 878 479 921 et
513 874 589 920 fas
625 878 715 932 est,
752 878 893 920 vates
927 889 1041 936 rege
1076 873 1208 921 vatis
1244 873 1472 930 habenas,

159 943 163 945 V
260 954 498 1017 Auspicio
534 953 657 1000 felix
692 958 830 1000 totus
865 958 923 999 ut
956 970 1115 1000 annus
1151 957 1247 1001 eat.

184 1117 384 1157 Romulus
411 1117 666 1167 erroneously
693 1116 863 1156 allowed
891 1116 987 1166 only
1015 1119 1080 1155 teu
1105 1116 1263 1155 months
1291 1119 1327 1155 to
1356 1116 1418 1156 the
1443 1129 1556 1168 year,
1595 1117 1662 1157 but

474 1171 619 1210 Numa
648 1170 779 1209 added
807 1170 1004 1220 January
1032 1170 1117 1208 and
1146 1170 1368 1221 February.

192 1278 431 1341 Tempora
466 1279 712 1342 digereret
746 1294 857 1325 cum
892 1278 1118 1325 conditor
1152 1278 1303 1337 urbis,
1340 1278 1393 1324 in
1428 1295 1556 1325 anno

260 1357 538 1407 Constituit
571 1374 762 1406 menses
796 1357 1012 1420 quinque
1047 1357 1123 1404 bis
1158 1374 1262 1405 esse
1292 1375 1394 1406 suo.

192 1434 389 1483 Scilicet
423 1451 571 1482 arma*
592 1435 749 1498 magis
780 1451 927 1498 quam
962 1435 1136 1494 sidera,
1173 1435 1398 1496 Romule,
1435 1452 1599 1485 noras,

127 1543 167 1573 30
259 1516 483 1579 Curaque
518 1516 754 1563 finitimos
789 1516 983 1563 vincere
1018 1515 1174 1562 maior
1207 1520 1329 1563 erat.

192 1598 284 1646 Est
317 1602 485 1645 tamen
520 1602 571 1645 et
605 1597 748 1656 ratio,
787 1597 975 1655 Caesar,
1013 1613 1137 1659 quae
1171 1597 1382 1645 moverit
1416 1598 1584 1657 illum,·

258 1679 583 1742 Erroremque
618 1694 760 1725 suum
794 1694 889 1740 quo
924 1681 1127 1724 tueatur
1160 1678 1323 1724 habet.

193 1759 332 1819 Quod
367 1759 489 1807 satis
523 1763 614 1818 est,
651 1774 771 1821 puer
805 1757 857 1803 in
893 1757 1051 1804 lucem
1087 1757 1204 1804 dum
1239 1758 1444 1820 prodeat
1478 1757 1660 1816 infans,

259 1839 369 1886 Hoc
404 1855 533 1886 anno
569 1838 751 1885 statuit
786 1837 1022 1900 temporis
1056 1854 1161 1885 esse
1198 1838 1321 1884 satis
1339 1854 1353 1897 3

128 1944 165 1975 35
190 1919 287 1966 Per
320 1919 531 1966 totidem
565 1934 756 1965 menses
791 1934 820 1963 a
854 1917 1028 1964 funere
1062 1917 1284 1980 coniugis
1320 1934 1442 1964 uxor

260 1999 485 2046 Sustinet
520 1998 572 2045 in
607 1998 759 2045 vidua
795 1997 962 2044 tristia
997 1997 1138 2059 signa
1173 1999 1328 2045 domo.

194 2079 331 2126 Haeo
366 2079 521 2141 igitur
555 2078 685 2126 vidit
721 2077 936 2124 trabeati
971 2094 1086 2123 eura
1121 2078 1314 2134 Quirini

260 2160 383 2206 Cum
417 2159 624 2205 rudibus
660 2158 852 2221 populis
888 2174 1053 2203 annua
1088 2158 1196 2204 iura
1231 2159 1387 2206 daret.

193 2239 376 2286 Martis
411 2243 519 2285 erat
554 2238 741 2301 primus
777 2237 973 2296 mensis,
1009 2238 1316 2301 Venerisque
1352 2240 1591 2287 secundus
1608 2257 1621 2299 3

131 2346 170 2374 ⁴0
258 2319 396 2366 Haeo
430 2318 623 2382 generis
659 2318 896 2382 princeps,
932 2318 1087 2381 ipsius
1120 2319 1204 2366 ille
1240 2324 1393 2382 pater.

194 2400 391 2446 Tertius
424 2416 453 2445 a
489 2399 687 2446 senibus
706 2416 719 2458 3
755 2399 988 2446 iuvenum
1022 2400 1081 2445 de
1117 2399 1311 2446 nomine
1346 2405 1563 2462 quartus.

263 2480 395 2536 Quae
431 2480 653 2543 sequitur
688 2496 889 2527 numero
925 2481 1073 2527 turba
1107 2484 1281 2526 notata
1316 2481 1428 2528 fuit.

195 2561 268 2607 At
303 2560 468 2607 Numa
503 2576 591 2607 neo
626 2561 805 2606 Ianum
840 2576 929 2607 nec
962 2559 1123 2608 avitas
1159 2561 1397 2622 praeterit
1432 2562 1629 2609 umbras

258 2639 516 2687 Mensibus
550 2639 770 2702 antiquis
805 2640 1179 2703 praeposuitque
1214 2641 1350 2691 duos,
