1788 2980
68 151 123 217 1.]
622 149 949 197 JANUARY.
1505 147 1534 194 9

67 258 168 305 Vix
203 274 292 321 ego
328 259 543 305 Saturno
577 272 869 320 quemquam
904 260 1144 318 regnante
1180 254 1422 311 videbam,

134 337 286 385 Cuius
324 353 422 383 non
457 337 622 383 animo
657 335 819 382 dulcia
854 334 989 381 lucra
1023 334 1204 381 forent.

65 417 304 480 Tempore
328 416 486 463 crevit
509 432 657 474 amor,
684 414 768 477 qui
793 431 922 461 nunc
947 419 1024 461 est
1048 429 1280 472 summus,
1307 411 1520 458 habendi
1570 437 1622 466 195

133 497 251 557 Vix,
289 497 426 543 ultra
460 512 555 559 quo
591 496 688 542 iam
724 495 1083 558 progrediatur,
1121 494 1287 541 habet.

69 577 234 624 Pluris
267 593 381 640 opes
416 593 546 623 nunc
581 580 712 634 sunt,
749 592 894 638 quam
929 574 1077 639 prisci
1111 573 1345 637 temporis
1377 572 1533 631 annis,

2 644 5 646 ἱ
133 660 265 705 Dum
300 657 509 721 populus
544 672 740 720 pauper,
783 656 900 703 dum
934 672 1062 703 nova
1097 656 1254 702 Roma
1287 653 1400 713 fuit,

70 741 200 785 Dum
235 754 346 785 casa
382 737 714 800 Martigenam
749 735 974 799 capiebat
1010 752 1162 799 parva
1196 734 1469 792 Quirinum,

135 819 201 865 Et
237 819 390 865 dabat
425 818 658 881 exiguum
694 816 910 863 fluminis
946 817 1062 863 ulva
1098 821 1271 863 torum.
1334 829 1343 881 χ
1571 839 1627 861 200

71 899 299 963 Iuppiter
333 903 546 961 angusta
582 898 667 945 vix
703 902 840 944 totus
876 898 1044 944 stabat
1078 897 1130 943 in
1165 897 1296 952 aede,
1344 890 1350 916 ¹

136 980 293 1042 Inque
328 979 464 1026 Iovis
501 979 676 1025 dextra
711 978 862 1024 fictile
897 977 1083 1024 fulmen
1120 982 1240 1024 erat.

74 1059 349 1106 Frondibus
384 1059 641 1117 ornabant,
678 1074 801 1121 quae
836 1074 965 1105 nunc
1001 1057 1246 1120 Capitolia
1281 1055 1520 1119 gemmjs;

140 1139 476 1202 Pascebatque
511 1155 623 1186 suas
659 1138 762 1202 ipse
800 1143 997 1185 senator
1032 1154 1147 1185 oves
1164 1155 1177 1196 3

0 1259 3 1263 <
71 1217 174 1263 Nec
210 1216 367 1279 pudor
400 1216 453 1262 in
489 1215 674 1278 stipula
709 1215 950 1278 placidam
986 1216 1169 1279 cepisse
1204 1215 1432 1278 quietem,
1571 1240 1627 1268 ως

133 1291 204 1342 Et
238 1295 438 1343 faenum
472 1283 624 1359 capiti
660 1295 971 1359 supposuisse
1007 1296 1119 1344 fuit.

72 1377 189 1424 Iura
224 1376 376 1424 dabat
411 1376 604 1439 populis
639 1375 799 1439 posito
833 1377 976 1423 modo
1011 1381 1207 1440 praetor
1240 1380 1420 1437 aratro,

137 1457 205 1503 Et
238 1456 361 1504 levis
396 1456 591 1519 argenti
627 1455 810 1503 lamina
844 1456 1027 1504 crimen
1061 1462 1182 1505 erat.

73 1538 145 1584 At
179 1541 437 1600 postquam
472 1537 674 1583 fortuna
710 1536 804 1583 loci
840 1542 986 1600 caput
1022 1537 1206 1584 extulit
1241 1536 1403 1595 huius,

139 1617 206 1664 Et
240 1617 411 1680 tetigit
447 1632 659 1664 summos
694 1617 878 1664 vertice
915 1618 1073 1664 Roma
1108 1618 1222 1664 deos
1238 1634 1252 1677 3

74 1698 348 1745 Oreverunt
383 1701 434 1744 et
469 1712 583 1760 opes
619 1702 669 1744 et
705 1714 851 1760 opum
888 1697 1075 1744 furiosa
1099 1697 1287 1760 cupido,

139 1777 207 1824 Et
240 1792 351 1823 cum
387 1776 671 1839 possideant
706 1777 931 1839 plurima,
971 1777 1112 1840 plura
1147 1781 1341 1840 petunt.

73 1858 313 1915 Quaerere
349 1861 406 1902 ut
441 1856 719 1917 absumant,
747 1857 1010 1920 absumpta
1044 1857 1289 1920 requirere
1325 1861 1514 1904 certam
1530 1873 1544 1915 3

161 1938 328 2000 Atque
362 1935 496 1998 ipsae
531 1937 670 1984 vitiis
706 1942 824 1984 sunt
859 1937 1097 1983 alimenta
1133 1937 1278 1984 vices.

73 2017 165 2078 Sic,
205 2014 385 2078 quibus
418 2014 660 2062 intumuit
696 2014 880 2062 suffusa
916 2021 1090 2063 venter
1125 2017 1187 2062 ab
1225 2017 1368 2074 unda,
1579 2043 1630 2070 εις

139 2098 244 2154 Quo
279 2096 391 2159 plus
425 2101 543 2143 sunt
578 2102 737 2159 potae,
776 2098 887 2161 plus
922 2098 1163 2144 sitiuntur
1196 2114 1363 2160 aquae,

77 2178 140 2225 In
176 2176 334 2241 pretio
369 2175 583 2238 pretium
618 2194 749 2224 nunc
783 2182 860 2225 est
877 2195 891 2238 3
926 2178 1014 2225 dat
1048 2194 1221 2243 census
1256 2178 1477 2236 honores,

144 2259 330 2306 Census
364 2256 642 2318 amicitias3
690 2274 874 2321 pauper
908 2259 1087 2321 ubique
1125 2259 1264 2306 iacet.

77 2339 152 2385 Tu
187 2342 354 2385 tamen
390 2336 663 2399 auspicium
698 2338 740 2384 si
776 2338 842 2384 sit
879 2337 1023 2400 stipis
1060 2338 1195 2397 utile,
1234 2338 1441 2400 quaeris,

144 2418 337 2480 Ourque
371 2417 546 2466 iuvent
581 2422 777 2464 nostras
812 2433 924 2464 aera
960 2422 1160 2464 vetusta
1194 2433 1384 2465 manus.

81 2501 209 2546 Aera
243 2498 429 2545 dabant
463 2497 611 2558 olim3
662 2497 838 2544 melius
873 2513 1003 2544 nunc
1038 2513 1179 2545 omen
1215 2497 1266 2544 in
1301 2513 1420 2545 auro
1455 2503 1544 2558 est,

145 2575 388 2638 Victaque
422 2576 660 2624 concessit
694 2576 852 2639 prisca
886 2581 1083 2624 moneta
1116 2593 1284 2625 novae.
