1788 2980
219 151 281 198 32
719 150 948 199 OVJDJJ
990 152 1202 243 FApTJ.
1565 151 1682 218 [ΜΒ.
1766 145 1788 202 ³,

129 283 186 313 ης,
211 259 341 315 Quid
377 258 514 305 volui
548 258 748 306 demens
782 259 934 322 elegis
969 259 1217 322 imponere
1250 264 1448 306 tantum

281 337 554 385 Ponderis?
588 337 725 385 heroi
759 354 838 385 res
871 343 980 386 erat
1013 339 1112 386 ista
1146 339 1298 402 pedis.

207 419 385 465 Sancte
422 419 575 465 Pater
609 418 823 477 Patriae,
860 419 956 465 tibi
992 420 1145 482 plebs,
1183 420 1278 466 tibi
1312 420 1449 467 curia
1484 434 1659 465 nomen

277 499 388 547 Hoc
423 498 577 559 dedit,
613 499 704 546 hoc
740 500 964 547 dedimus
998 517 1087 547 nos
1122 500 1219 547 tibi
1252 517 1429 548 nomen
1464 515 1622 561 eques.

217 581 316 626 Res
351 583 520 626 tamen
555 584 676 627 ante
713 580 885 641 dedit,
924 596 1032 627 sero
1067 597 1258 643 quoque
1292 597 1409 627 vera
1443 579 1608 627 tulisti

134 686 190 715 130
279 660 531 720 Nomina,
564 659 663 706 iam
700 660 889 723 pridem
925 666 982 707 tu
1018 665 1160 724 pater
1194 661 1327 708 orbis
1362 677 1483 708 eras.

219 742 329 788 Hoc
364 746 422 788 tu
457 757 543 804 per
577 746 751 799 terras,
788 742 917 804 quod
954 742 1006 787 in
1040 742 1239 789 aethere
1274 741 1503 805 Iuppiter
1536 741 1656 799 alto,

284 822 477 869 Nomen
512 822 663 869 habes
680 840 694 883 3
729 822 982 869 hominum
1017 827 1074 868 tu
1109 827 1264 886 pater,
1300 822 1385 869 ille
1420 823 1578 869 deum.

221 902 445 961 Romule,
482 903 747 963 concedes,
782 903 905 950 facit
940 904 1020 950 hic
1055 909 1144 950 tua
1177 902 1574 966 magnaftuendo

286 980 522 1028 Moenia:
561 985 620 1027 tu
656 981 860 1029 dederas
895 981 1223 1029 transilienda
1257 982 1427 1029 Remo.

137 1085 190 1113 135
216 1059 284 1105 Te
318 1058 509 1117 Tatius,
547 1057 787 1121 parvique
823 1059 991 1118 Cures,
1029 1059 1339 1122 Caeninaque
1374 1057 1563 1117 sensit3

287 1139 398 1186 Hoc
434 1140 555 1188 duce
590 1140 870 1188 Romanum
905 1145 983 1187 est
1018 1140 1135 1188 solis
1170 1144 1433 1203 utrumque
1466 1139 1610 1186 latus.

223 1220 297 1265 Tu
333 1220 483 1268 breve
518 1221 684 1269 nescio
719 1221 841 1284 quid
877 1220 1041 1269 victae
1075 1220 1271 1268 telluris
1306 1220 1521 1267 habebas
1537 1236 1550 1278 3

288 1299 636 1364 Quodcumque
671 1306 748 1348 est
782 1301 885 1348 alto
921 1300 1014 1348 sub
1050 1301 1171 1348 Iove
1206 1301 1384 1348 Caesar
1417 1299 1581 1346 habet.

228 1379 303 1426 Tu
338 1380 488 1444 rapis,
524 1381 603 1428 hic
636 1386 797 1429 castas
833 1383 956 1429 duce
991 1398 1042 1428 se
1078 1381 1219 1428 iubet
1255 1396 1358 1428 esse
1393 1378 1630 1439 maritas3

141 1487 190 1515 ,μ
283 1461 358 1507 Tu
393 1461 569 1525 recipis
605 1462 729 1521 luco,
765 1462 986 1525 reppulit
1021 1462 1107 1509 ille
1143 1461 1296 1508 nefas.

234 1541 326 1588 Vis
360 1541 456 1589 tibi
490 1547 634 1605 grata
669 1543 784 1602 fuit,
823 1544 1002 1591 florent
1037 1543 1128 1590 sub
1164 1543 1369 1590 Caesare
1404 1542 1535 1604 leges
1552 1558 1565 1601 ;
1769 1546 1788 1589 ⁴

289 1623 366 1669 Tu
400 1622 588 1670 domini
622 1640 814 1683 nomen,
845 1623 1081 1686 principis
1115 1623 1201 1669 ille
1234 1627 1385 1669 tenet.
1638 1609 1641 1611 ⁵

224 1703 292 1750 Te
327 1704 512 1750 Remus
546 1702 756 1762 incusat,
794 1703 990 1751 veniam
1027 1703 1166 1750 dedit
1201 1703 1429 1749 hostibus
1465 1702 1585 1761 ille;

301 1783 574 1830 Caelestem
607 1783 728 1830 fecit
762 1787 812 1830 te
849 1788 1002 1845 pater,
1040 1783 1124 1830 ille
1160 1787 1362 1845 patrem.

1755 603 1788 683 εἴ

722 1931 870 1982 Risinq
899 1931 946 1982 qs
967 1931 1200 1982 Aquarius.

145 2037 199 2069 ¹45
225 2013 332 2059 Iam
368 2028 489 2076 puer
523 2013 704 2060 Idaeus
739 2012 900 2059 media
935 2017 1081 2059 tenus
1117 2011 1300 2059 eminet
1335 2011 1463 2070 alvo,

291 2094 358 2140 Et
392 2092 605 2156 liquidas
640 2092 797 2140 mixto
832 2097 1029 2140 nectare
1065 2093 1236 2139 fundit
1269 2108 1432 2155 aquas.

233 2174 308 2219 En
346 2173 498 2220 etiam
534 2173 576 2220 si
612 2173 723 2235 quis
761 2174 953 2219 Borean
989 2174 1187 2220 horrere
1226 2172 1432 2230 solebat,

298 2255 549 2302 Gaudeat:
600 2271 628 2300 a
665 2254 902 2317 Zephyris
940 2254 1135 2301 mollior
1173 2271 1293 2300 aura
1329 2253 1481 2300 venit.

252 2404 461 2454 February
490 2404 571 2454 eth,
604 2403 687 2443 asi.
731 2404 775 2444 V.
809 2403 874 2442 Id.
908 2403 1145 2443 Feb-The
1172 2403 1391 2453 beyinninq
1417 2403 1465 2454 qs
1485 2402 1650 2454 Sprinq.

235 2492 449 2548 Quintus
485 2492 549 2538 ab
585 2491 838 2554 aequoreis
878 2491 1094 2538 nitidum
1131 2491 1274 2538 iubar
1313 2491 1497 2539 extulit
1533 2490 1680 2537 undis

150 2599 207 2627 ¹50
297 2572 509 2632 Lucifer,
551 2577 603 2620 et
642 2572 789 2634 primi
834 2576 1055 2634 tempora
1096 2572 1226 2618 veris
1263 2575 1422 2618 erunt.
