1788 2980
246 183 335 227 144
739 177 964 224 OVIDII
1007 176 1218 222 FASTI.
1591 169 1701 234 [Lm.
1740 0 1777 289 ³!

306 285 548 348 Iuppiter.
619 283 812 329 Audito
847 282 1027 344 palluit
1062 281 1147 327 ille
1181 281 1315 326 Iove.
1336 297 1357 305 ‘
1778 270 1779 277 ἵ

243 368 318 414 Ut
352 365 504 412 rediit
537 364 745 420 animus,
780 363 1020 409 cultorem
1056 360 1284 423 pauperis
1319 359 1425 421 agri

309 444 542 491 Immolat
576 447 628 489 et
663 458 838 504 magno
873 446 1032 487 torret
1072 441 1123 486 in
1159 439 1273 500 igne
1309 440 1515 496 bovem3
1787 491 1788 507 1

243 526 469 586 Quaeque
505 539 626 585 puer
659 522 904 583 quondam
940 520 1109 583 primis
1145 518 1411 565 diffuderat
1446 519 1603 575 annis,
1787 526 1788 536 ¹

159 633 217 661 ⁴70
307 604 500 651 Promit
535 603 725 649 fumoso
760 603 960 648 condita
994 603 1112 648 vina
1147 600 1280 647 cado.

247 684 351 729 Nec
387 699 533 740 mora,
573 681 852 727 flumineam
887 682 989 728 lino
1025 679 1301 727 celantibus
1337 679 1518 735 ulvam,

314 764 392 810 Sic
426 778 616 824 quoque
651 778 750 807 non
786 761 918 818 altis,
955 761 1221 807 incubuere
1259 759 1398 806 toris.
1760 689 1781 830 ἶ

250 845 394 890 Nunc
431 844 569 904 dape,
607 858 737 888 nunc
773 841 934 903 posito
970 858 1167 887 mensae
1202 841 1396 887 nituere
1433 839 1607 900 Lyaeo,

320 924 471 969 Terra
506 922 688 967 rubens
723 926 896 979 crater,
935 920 1107 983 pocula
1141 920 1285 983 fagus
1320 923 1475 966 erant.

255 1126 337 1165 The
364 1125 551 1164 childless
578 1123 646 1162 old
674 1135 774 1161 ‘man
803 1122 1038 1214 wisheshfor
1065 1134 1092 1160 α
1120 1134 1201 1169 son,
1227 1120 1311 1159 and
1343 1120 1466 1159 Orion
1493 1119 1530 1157 is
1557 1117 1724 1168 yrantcci

967 1188 1036 1215 zm.

169 1333 226 1363 ⁴75
250 1308 418 1353 Verba
453 1307 589 1352 fuere
624 1306 792 1353 Iovis:
840 1306 891 1352 Si
927 1306 1045 1368 quid
1081 1306 1180 1352 fert
1216 1307 1445 1368 impetus,
1481 1321 1591 1351 ora:

323 1387 477 1433 Omne
511 1386 653 1432 feres.
726 1386 917 1432 Placidi
952 1387 1103 1432 verba
1137 1387 1274 1432 fuere
1310 1386 1473 1444 senis;

257 1467 382 1512 Cara
416 1466 515 1511 fuit
549 1466 779 1523 coniunx,
817 1465 973 1527 prima
1007 1466 1128 1511 mihi
1164 1482 1280 1511 cura
1313 1466 1517 1511 iuventa

324 1545 548 1607 Cognita.
619 1546 766 1591 Nunc
795 1545 881 1591 ubi
917 1546 999 1603 sit,
1035 1546 1309 1607 quaeritis?
1357 1562 1481 1591 urna
1517 1544 1657 1606 tegit.

260 1625 391 1671 Huic
426 1641 515 1687 ego
550 1624 757 1684 iuratus,
793 1625 935 1671 vobis
970 1624 1024 1671 in
1059 1627 1211 1672 verba
1247 1626 1450 1683 vocatis,

173 1721 234 1759 480
323 1704 575 1766 Coniugio,
614 1704 733 1761 dixi,
770 1704 874 1750 sola
908 1704 1071 1751 fruere
1106 1721 1225 1751 meo.

263 1784 329 1829 Et
363 1784 480 1840 dixi,
520 1788 571 1828 ct
605 1799 760 1841 servo,
799 1784 882 1830 sed
919 1784 1048 1830 enim
1084 1785 1277 1830 diversa
1312 1783 1542 1830 voluntas

329 1862 419 1907 Est
453 1861 606 1906 mihi:
653 1878 741 1908 nec
775 1861 1002 1919 coniunx,
1041 1863 1122 1908 sed
1160 1868 1299 1924 pater
1333 1878 1436 1908 esse
1470 1862 1594 1908 vo10.

264 1941 398 1987 Hinc
434 1946 570 1986 satus
606 1941 787 2000 Orion3
833 1942 1059 1988 comitem
1096 1942 1190 1988 sibi
1224 1942 1370 1988 Delia
1404 1941 1642 2003 sumpsit,

330 2021 425 2066 Ille
462 2021 578 2066 deae
614 2026 795 2078 custos,
832 2021 918 2067 ille
953 2021 1154 2068 satelles
1189 2027 1309 2068 erat.

177 2117 236 2155 ⁴85
261 2101 428 2146 Verba
463 2105 663 2146 movent
699 2101 796 2146 iras
831 2117 930 2147 non
964 2101 1312 2164 circumspecta
1349 2102 1560 2167 deorum.

333 2181 487 2235 Quam
523 2197 773 2242 nequeam,
812 2180 955 2238 dixit,
991 2182 1201 2240 vincere,
1237 2183 1375 2227 nulla
1410 2182 1514 2228 fera
1549 2187 1637 2227 est.

268 2259 499 2321 Scorpion
536 2259 742 2305 immisit
776 2260 956 2306 Tellus.
1028 2261 1146 2306 Fuit
1181 2260 1393 2323 impetus
1428 2261 1502 2306 illi

334 2338 497 2384 Curva
531 2338 875 2400 gemelliparae
911 2338 1097 2400 spicula
1131 2339 1259 2385 ferre
1295 2340 1424 2386 deae.

269 2416 482 2462 Obstitit
518 2417 683 2464 Orion.
757 2417 948 2463 Latona
981 2417 1259 2463 nitentibus
1295 2418 1443 2463 astris

185 2521 243 2551 ⁴90
331 2494 559 2552 Addidit,
596 2500 661 2552 et,
699 2495 871 2541 Meriti
908 2495 1135 2557 praemia,
1173 2496 1315 2553 dixit,
1353 2495 1492 2542 habe.
