1788 2980
29 197 106 263 n.]
574 197 944 243 FEBRUARY.
1434 194 1495 241 35

26 409 235 459 February
266 409 372 457 14th,
408 407 494 448 ad.
534 408 659 448 XVI.
697 408 796 447 Kal.
835 407 1170 455 llsctrt.-—Risinsy
1198 406 1245 456 os
1278 405 1383 445 three
1420 417 1506 444 ccm-

306 465 466 512 tiqzcous
496 461 800 502 Constdlatz'ons
825 461 910 499 and
938 461 1043 499 their
1070 461 1218 510 oriqim.

0 584 328 643 ‘Continuatiz
362 596 465 642 1000
501 596 600 642 tria
636 596 810 654 sidera,
848 596 1035 642 Corvus
1071 599 1122 642 et
1156 594 1367 656 Anguis,

92 678 159 723 Et
193 677 381 723 medius
419 677 593 724 Crater
627 677 759 723 inter
783 682 1047 739 utrumque
1082 677 1223 722 iacet.

26 757 201 804 Idibus
236 757 323 802 illa
357 757 531 815 latent,
575 757 805 803 oriuntur
839 762 982 804 nocte
1019 756 1276 818 sequenti3
1534 780 1587 808 ως

91 838 225 893 Quae
271 836 367 884 sibi
407 853 494 883 cur
527 837 626 883 tria
662 837 764 883 sint
789 837 1080 894 consociata,
1116 852 1302 882 canam.

28 918 175 963 Forte
210 916 320 963 Iovi
356 916 585 962 Phoebus
613 916 802 962 festum
827 917 1065 962 sollemne
1089 916 1326 977 parabat:

95 996 230 1058 (Non
264 996 414 1042 faciet
450 995 621 1057 longas
657 996 828 1042 fabula
863 1001 1034 1042 nostra
1069 1012 1228 1041 moras
1247 994 1279 1054 z)

26 1075 74 1131 Ι,
104 1091 226 1131 11103,
250 1076 392 1134 dixit,
430 1076 550 1132 avis,
589 1091 650 1121 ne
686 1075 805 1137 quid
843 1075 924 1138 pia
962 1092 1099 1121 33013
1134 1079 1369 1132 moretur,

95 1157 162 1203 Et
195 1161 394 1202 tenuem
437 1171 463 1201 e
498 1155 627 1201 vivis
662 1155 888 1201 fontibus
923 1155 1043 1201 affer
1077 1171 1264 1216 aquam.
1537 1178 1594 1199 πω

29 1237 217 1283 Corvus
251 1235 534 1281 inauratum
570 1235 776 1297 pedibus
812 1239 1004 1281 cratera
1038 1234 1255 1281 recurvis
1450 1224 1454 1226 ,

94 1316 264 1373 Tollit,
300 1320 352 1361 et
386 1315 572 1362 a'e'rium
608 1315 833 1377 pervolat
868 1315 1003 1361 altus
1039 1315 1148 1361 iter.

30 1396 207 1442 Stabat
241 1395 401 1441 adhuc
438 1394 574 1440 duris
609 1395 729 1440 ficus
766 1395 1056 1442 densissima
1091 1380 1245 1457 pomis
1263 1411 1276 1453 ;

95 1476 279 1522 Tentat
311 1491 417 1520 eam
453 1479 614 1520 rostro
632 1491 645 1533 3
692 1491 791 1520 non
827 1479 934 1521 erat
969 1480 1086 1536 apta
1122 1475 1233 1536 legi.

32 1557 294 1602 Immemor
327 1555 520 1617 imperii
557 1555 738 1600 sedisse
775 1556 866 1601 sub
901 1555 1074 1600 arbore
1110 1555 1285 1612 fertur,
1539 1577 1595 1605 εις

97 1636 230 1682 Dum
266 1636 441 1681 fierent
475 1636 618 1680 tarda
655 1635 816 1680 dulcia
852 1652 993 1697 poma
1029 1651 1177 1681 mora.

34 1715 234 1777 Iamque
270 1720 409 1761 satur
442 1715 599 1777 nigris
635 1715 837 1777 longum
872 1716 1004 1777 rapit
1039 1715 1288 1777 unguibus
1324 1714 1550 1775 hydrum,

99 1795 182 1841 Ad
218 1794 565 1855 dominumque
602 1795 747 1851 redit,
785 1796 994 1856 fictaque
1030 1797 1181 1842 verba
1215 1795 1369 1841 refert
1387 1806 1406 1840 ε’

35 1873 134 1919 Hic
168 1872 288 1917 mihi
323 1889 469 1918 031133
503 1888 667 1918 1110130
702 1873 927 1919 vivarum
963 1873 1185 1919 obsessor
1220 1889 1484 1935 aquarum:

2 2017 11 2021 ί
50 1972 51 1975 ’
101 1952 200 1998 Η10
233 1953 398 1998 tenuit
431 1953 595 1998 fontes
628 1953 931 2015 officiumque
964 1970 1138 2000 meum.
1542 1978 1600 1999 220

36 2030 211 2090 Acidis,
248 2032 334 2089 ait,
373 2033 542 2094 culpae
578 2033 844 2091 mendacia,
883 2035 1127 2091 Phoebus,
1165 2039 1216 2080 et
1250 2034 1401 2080 audes

103 2111 381 2158 Fatidicum
417 2112 582 2158 verbis
617 2112 790 2158 fallere
826 2113 953 2159 velle
990 2114 1165 2159 deum?

36 2192 110 2237 At
144 2190 252 2249 tibi,
291 2191 408 2236 dum
446 2191 634 2237 lactens
670 2192 894 2239 haerebit
928 2193 977 2238 in
1017 2195 1190 2243 arbore
1224 2194 1356 2251 ficus,

102 2272 178 2317 De
212 2271 351 2317 nullo
385 2272 575 2333 gelidae
613 2271 752 2318 fonte
787 2273 1024 2319 bibentur
1056 2289 1224 2335 aquae.

39 2350 197 2407 Dixit,
234 2356 285 2397 et
320 2352 513 2413 antiqui
549 2358 868 2399 monumenta
902 2353 1136 2415 perennia
1170 2352 1292 2399 facti
1544 2376 1602 2403 m,

103 2429 312 2491 Anguis,
354 2431 495 2487 Avis,
535 2431 721 2487 Crater,
760 2432 920 2477 sidera
954 2432 1123 2477 iuncta
1158 2431 1356 2478 micant.
