1788 2980
206 174 296 221 170
698 171 921 219 OVIDII
965 170 1176 217 FASTJ.
1546 178 1664 234 [ιω.

200 281 334 326 Hinc
368 280 535 341 agitur
569 279 715 325 furiis
748 279 1008 336 Athamas,
1045 282 1096 324 et
1130 278 1343 340 imagine
1377 278 1504 323 falsa
1523 297 1535 337 5

270 361 439 422 Tuque
473 359 608 405 cadis
643 359 821 421 patria,
858 375 1006 421 parve
1044 359 1273 416 Learche,
1309 374 1472 404 manu.

201 437 395 482 Maesta
430 435 700 482 Learcheas
735 440 892 481 mater
927 435 1262 482 tumulaverat
1296 436 1510 493 umbras,

267 518 333 563 Et
369 516 571 563 dederat
605 515 798 561 miseris
832 516 994 561 omnia
1028 516 1161 562 iusta
1195 516 1359 579 rogis:

115 622 170 650 ⁴25,
198 596 333 641 Haec
368 611 573 657 quoque,
610 595 848 654 funestos,
885 600 942 640 ut
977 600 1099 653 erat,
1136 592 1324 641 laniata
1358 595 1576 658 capillos,

267 676 473 722 Prosilit
508 681 558 722 et
594 676 732 721 cunis
767 680 832 732 te,
869 676 1143 734 Melicerta,
1180 677 1327 739 rapit.

208 758 294 802 Est
329 756 489 818 spatio
524 760 777 801 contracta
811 756 964 812 brevi,
1001 757 1131 801 freta
1166 756 1283 802 bina
1317 757 1527 819 repellit,

269 838 477 898 Unaque
512 836 739 898 pulsatur
772 840 907 882 terra
943 837 1132 882 duabus
1165 837 1333 899 aquisg

204 917 318 962 Huc
352 915 491 962 venit
525 915 714 961 insanis
749 920 922 961 natum
956 916 1208 978 complexa
1243 917 1457 975 lacertis,

116 1024 175 1052 430
266 997 333 1043 Et
368 1012 530 1042 secum
565 1012 591 1041 e
626 995 754 1042 celso
789 996 952 1042 mittit
985 997 1038 1042 in
1073 997 1177 1043 alta
1210 997 1339 1060 iugo.

205 1076 402 1138 Excipit
436 1076 631 1121 illaesos
666 1076 865 1137 Panope
900 1081 1194 1139 centumque
1230 1094 1434 1136 sorores,

271 1159 337 1204 Et
372 1158 562 1220 placido
597 1158 738 1220 lapsu
773 1174 859 1220 per
895 1175 982 1205 sua
1015 1176 1167 1222 regna
1202 1160 1385 1207 ferunt.

321 1313 401 1352 The
429 1313 593 1360 mother,
626 1313 726 1351 with,
753 1313 824 1351 her
852 1326 934 1361 son,
967 1314 1124 1352 reaches
1153 1314 1214 1353 the
1249 1314 1400 1354 Tiber's
1429 1315 1563 1355 bank-s.

206 1409 440 1454 Nondum
476 1408 768 1465 Leucothea,
804 1409 1023 1454 nondum
1058 1425 1178 1471 puer
1212 1409 1296 1455 ille
1332 1410 1610 1468 Palaemon,

271 1489 559 1535 Vorticibus
594 1487 732 1533 densi
767 1487 984 1534 Tibridis
1019 1505 1104 1534 ora
1137 1493 1324 1535 tenent.

122 1597 176 1624 ⁴33
211 1572 364 1616 Lucus
398 1575 533 1617 erat:
581 1569 784 1616 dubium
821 1568 1037 1614 Semelae
1072 1569 1374 1615 Stimulaene
1408 1574 1610 1616 vocetur
1628 1586 1639 1627 ;

274 1651 542 1696 Maenadas
576 1648 825 1695 Ausonias
861 1648 1121 1694 incoluisse
1156 1648 1340 1695 ferunt.

208 1730 412 1786 Quaerit
445 1731 507 1775 ab
543 1729 620 1776 his
655 1729 761 1785 Ino,
799 1744 922 1790 quae
957 1743 1077 1789 gens
1112 1728 1241 1774 foret
1260 1746 1272 1788 ς
1304 1730 1525 1776 Arcadas
1560 1744 1661 1775 esse

274 1808 436 1853 Audit
470 1812 521 1854 et
555 1806 841 1853 Evandrum
877 1810 1068 1867 sceptra
1102 1810 1270 1852 tenere
1305 1807 1412 1852 loci.

211 1887 537 1933 Dissimulata
572 1887 709 1931 deam
747 1884 918 1930 Latias
953 1885 1188 1930 Saturnia
1223 1886 1436 1932 Bacchas

124 1993 181 2019 4⁴0
272 1966 562 2011 Instimulat
597 1964 723 2010 fictis
758 1963 993 2009 insidiosa
1028 1964 1186 2009 sonis:

211 2046 250 2091 O
287 2045 491 2090 nimium
525 2044 723 2090 faciles!
769 2059 795 2089 o
831 2046 936 2089 toto
972 2049 1165 2105 pectore
1199 2047 1402 2106 captae!

277 2125 390 2170 Non
425 2124 563 2169 venit
598 2124 715 2169 haec
751 2123 934 2169 nostris
970 2124 1143 2185 hospes
1179 2125 1333 2170 amica
1368 2125 1543 2172 choris,

214 2204 402 2249 Fraude
441 2203 582 2265 petit,
619 2202 838 2264 sacrique
872 2208 1014 2264 parat
1047 2220 1332 2265 cognoscere
1366 2205 1517 2250 ritum
1535 2221 1548 2263 3

277 2284 381 2338 Quo
418 2283 573 2344 possit
608 2298 785 2345 poenas
820 2283 1043 2344 pendere,
1082 2283 1259 2345 pignus
1295 2284 1456 2330 habet.

127 2390 181 2417 ⁴45
210 2363 309 2408 Vix
346 2362 468 2408 bene
503 2361 716 2407 desierat
735 2377 748 2419 3
793 2361 1038 2422 complent
1076 2361 1348 2408 ululatibus
1383 2380 1526 2409 auras

277 2442 503 2502 Thyades
538 2439 704 2487 effusis
739 2456 824 2502 per
859 2457 947 2486 sua
981 2441 1106 2485 colla
1140 2442 1289 2486 comis
1308 2458 1320 2500 3

213 2520 547 2581 Iniiciuntque
581 2535 769 2576 manus,
806 2535 1104 2581 puerumque
1139 2521 1375 2567 revellere
1412 2527 1646 2583 pugnant.

280 2601 409 2656 Quos
445 2600 641 2661 ignorat
675 2600 848 2657 adhuc,
884 2600 1081 2645 invocat
1115 2599 1202 2645 illa
1237 2601 1381 2647 deos:
