1788 2980
58 164 147 230 m]
679 165 902 212 APRIL.
1458 168 1517 214 95

58 269 174 331 Ipsa
209 268 381 314 sedens
415 265 553 313 molli
585 266 820 313 comitum
853 266 1038 312 cervice
1074 266 1260 312 feretur

124 346 276 394 Urbis
310 362 395 408 per
428 345 612 391 medias
647 345 901 390 exululata
934 344 1054 391 vias.

55 425 208 472 Scena
241 429 396 484 sonat,
437 424 636 486 ludique
670 429 863 470 vocant.
934 424 1176 485 Spectate,
1213 424 1442 481 Quirites,

122 505 189 551 Et
221 505 329 551 fora
363 505 527 550 Marte
563 520 649 550 suo
685 503 903 566 litigiosa
935 508 1127 552 vacent.
1555 529 1609 556 150

60 661 161 701 Ovid
189 661 282 700 asks
309 661 401 711 why
430 661 491 700 the
519 660 695 710 cymbas
723 660 807 698 and
828 660 933 709 flute
961 672 1031 698 are
1061 660 1160 698 used
1188 661 1233 698 in
1262 660 1323 698 tlw
1358 659 1532 708 worship

161 715 208 765 of
231 714 378 765 Cybele.
445 714 527 753 The
553 714 668 752 Musa
697 715 822 751 Erato
851 714 888 751 is
916 713 1061 751 bidden
1089 717 1125 751 to
1153 725 1309 751 answer
1337 713 1436 752 him.

55 818 299 874 Quaerere
333 816 493 863 multa
528 817 686 864 libet:
727 816 811 864 sed
844 832 922 864 me
958 832 1109 864 sonus
1144 817 1273 866 aeris
1306 818 1441 866 acuti

121 899 309 956 Terret,
340 903 391 944 et
426 898 673 945 horrendo
710 898 839 945 lotos
872 898 1064 944 adunca
1097 914 1230 945 sono.
1298 894 1347 963 C
1417 899 1447 913 ”

55 980 148 1038 Da,
183 979 288 1037 dea,
321 995 466 1041 quem
507 979 668 1028 sciter.
741 979 928 1027 Doctas
975 979 1207 1042 Cybeleia
1255 984 1429 1043 neptes

119 1061 281 1119 Vidit,
318 1065 369 1108 et
403 1061 493 1108 has
528 1078 670 1108 curae
706 1062 852 1108 iussit
886 1063 1056 1109 adesse
1092 1079 1238 1109 meae.

55 1140 266 1186 Pandite
301 1140 524 1186 mandati
558 1157 809 1199 memores,
845 1142 1102 1188 Heliconis
1138 1143 1377 1200 alumnae,
1555 1167 1609 1196 ¹55

121 1221 345 1267 Gaudeat
379 1221 574 1268 assiduo
609 1238 696 1267 cur
732 1222 821 1268 dea
857 1222 1043 1284 Magna
1079 1238 1210 1269 sono.

55 1299 133 1346 Sic
166 1316 268 1361 ego.
340 1300 418 1347 Sic
453 1301 633 1347 Erato:
685 1300 885 1363 (mensis
922 1301 1214 1363 Cythereius
1249 1301 1325 1347 illi

122 1380 295 1438 Cessit,
331 1381 459 1443 quod
494 1381 652 1427 teneri
687 1397 863 1427 nomen
898 1381 1099 1427 Amoris
1133 1381 1282 1427 habet
1300 1379 1332 1443 x)

57 1536 214 1576 satum
242 1536 436 1575 devotared
463 1536 525 1575 the
552 1536 737 1576 children
765 1537 810 1587 of
840 1537 1011 1586 himself
1038 1537 1122 1576 and
1147 1537 1271 1585 Rhea,
1305 1549 1348 1575 or
1379 1537 1526 1587 C'yhele.

57 1642 272 1689 Reddita
307 1642 519 1689 Saturno
557 1659 660 1689 sors
695 1643 812 1689 haec
847 1648 986 1689 erat:
1035 1643 1230 1706 Optime
1263 1660 1448 1705 regum,

122 1723 173 1768 A
206 1727 323 1768 nato
360 1722 564 1784 sceptris
599 1723 844 1769 excutiere
879 1723 996 1769 tuis.
1555 1740 1612 1770 160

57 1801 152 1848 Ille
188 1818 325 1848 suam
355 1807 592 1859 metuens,
629 1807 687 1847 ut
719 1818 936 1864 quaeque
971 1806 1078 1848 erat
1112 1802 1259 1860 edita,
1297 1803 1480 1864 prolem

123 1883 356 1939 Devorat,
394 1881 672 1927 immersam
706 1880 1070 1943 visceribusque
1105 1886 1258 1928 tenet.

57 1960 208 2022 Saepe
243 1961 382 2007 Rhea
415 1965 588 2022 questa
622 1964 698 2006 est
732 1961 917 2007 totiens
952 1961 1162 2007 fecunda
1195 1978 1283 2008 nec
1318 1978 1545 2024 umquam

124 2039 302 2097 Mater,
339 2044 389 2085 et
423 2040 637 2085 indoluit
671 2039 936 2087 fertilitate
970 2057 1067 2088 sua.

59 2191 223 2243 Jupiter
249 2205 334 2232 was
361 2193 458 2232 born
485 2193 570 2231 and
596 2193 748 2232 hidden
775 2206 823 2232 οη
852 2194 925 2233 Mt.
950 2194 1042 2241 Ida,
1067 2194 1152 2232 ancl
1175 2194 1243 2244 fiz's
1270 2195 1408 2244 infant
1436 2196 1533 2234 crios

198 2258 268 2285 are
295 2246 484 2286 drowned
511 2247 559 2296 by
587 2247 650 2285 the
680 2248 862 2296 clashinq
889 2247 937 2297 of
957 2247 1107 2286 shielcls
1133 2248 1218 2286 ancl
1244 2260 1389 2297 spears.

61 2346 286 2409 Iuppiter
319 2353 458 2394 ortus
494 2352 614 2394 erat.
688 2348 784 2394 Pro
820 2364 999 2409 magna
1032 2352 1161 2394 teste
1195 2353 1420 2396 vetustas
1556 2365 1611 2404 165

128 2426 390 2485 Creditur3
436 2431 682 2489 acceptam
717 2444 856 2489 parce
892 2443 1086 2474 movere
1119 2428 1265 2474 fidem
1282 2445 1295 2486 3

62 2505 215 2552 Veste
249 2505 410 2552 latens
445 2507 618 2552 saxum
652 2507 851 2552 caelesti
887 2511 1090 2568 gutture
1123 2508 1266 2553 sedit.

128 2585 206 2631 Sic
239 2585 435 2646 genitor
468 2577 588 2632 fatis
624 2586 938 2648 decipiendus
974 2591 1094 2632 erat.
