1788 2980
86 181 145 245 1.1
655 185 982 233 JANUARY.
1493 181 1548 228 '21

85 289 184 338 Ora
217 306 364 354 super
399 296 563 354 postes
593 293 830 354 affixaque
866 293 1091 339 bracchia
1125 292 1358 355 pendent,

151 369 479 433 Squalidaque
513 371 742 418 humanis
775 372 967 419 ossibus
1000 372 1138 419 albet
1171 372 1362 418 humus.

86 449 294 497 Servata
333 450 460 497 male
495 455 635 514 parte
670 452 818 499 boum
853 452 972 499 Iove
1008 456 1158 498 natus
1194 451 1400 511 abibas;

150 530 406 594 Mugitum
441 547 587 579 rauco
623 532 761 579 furta
796 533 971 580 dedere
1008 549 1142 582 sono.
1587 555 1644 586 sn

87 611 287 675 Accipio
322 627 624 671 revocamen,
660 612 745 671 ait,
784 629 1045 675 vocemque
1081 617 1278 660 secutus

151 692 312 755 Impia
345 709 432 755 per
465 692 617 740 silvas
652 693 786 740 ultor
819 694 881 740 ad
916 698 1063 740 antra
1097 693 1251 741 venit.

87 772 181 820 Ille
215 773 408 820 aditum
441 773 589 820 fracti
618 778 989 837 praestruxerat
1025 774 1179 821 obiice
1211 774 1425 822 montis:

152 853 255 900 Vix
289 853 406 916 iuga
439 853 710 901 movissent
744 854 960 917 quinque
996 854 1072 900 bis
1107 854 1233 902 illud
1270 871 1405 918 opus.

87 933 285 981 Nititur
319 934 398 980 hic
432 934 629 993 umeris,
670 933 878 998 (caelum
912 951 1104 997 quoque
1140 935 1335 982 sederat
1369 934 1508 997 illis‚)
1587 958 1644 990 31⁵

152 1014 219 1061 Et
253 1018 451 1061 vastum
484 1019 623 1062 motu
657 1015 1005 1062 collabefactat
1040 1031 1179 1063 onus.

86 1095 225 1151 Quod
250 1094 397 1142 simul
417 1095 643 1143 eVulsum
660 1099 752 1154 est,
768 1095 938 1158 fragor
955 1096 1158 1142 aethera
1176 1095 1358 1143 terruit
1382 1096 1558 1158 ipsum,

151 1177 355 1240 Ictaque
390 1177 614 1224 subsedit
648 1177 860 1240 pondere
895 1176 1039 1223 molis
1080 1177 1273 1223 humus.

87 1257 262 1304 Prima
284 1262 450 1305 movet
486 1257 640 1304 Cacus
675 1256 856 1304 collata
887 1257 1072 1319 proelia
1104 1258 1293 1315 dextra,

152 1338 370 1400 Remque
405 1337 546 1385 ferox
581 1336 712 1384 saxis
747 1336 1098 1400 stipitibusque
1134 1337 1278 1400 gerit.
1279 1349 1345 1416 [s
1590 1361 1646 1391 μα

85 1417 205 1474 Quis
239 1417 325 1464 ubi
360 1417 433 1463 nil
468 1417 649 1480 agitur,
685 1417 872 1480 patrias
906 1417 1032 1464 male
1067 1417 1213 1464 fortis
1248 1418 1310 1464 ad
1347 1421 1478 1463 artes

152 1496 405 1560 Confugit,
442 1502 494 1544 et
528 1498 746 1544 flammas
782 1512 865 1543 ore
899 1501 1106 1544 sonante
1142 1497 1313 1544 vomit.

86 1577 216 1633 Quas
250 1577 442 1639 quoties
477 1577 669 1640 proflat,
695 1577 880 1639 spirare
914 1577 1145 1639 Typhoea
1173 1578 1358 1635 credas,

153 1657 219 1703 Et
253 1656 480 1719 rapidum
514 1657 738 1703 Aetnaeo
773 1655 945 1718 fulgur
979 1656 1042 1702 ab
1078 1656 1193 1719 igne
1227 1656 1336 1704 iaci.

90 1736 309 1799 Occupat
342 1736 560 1795 Alcides,
597 1736 906 1798 adductaque
940 1736 1082 1782 clava
1117 1736 1329 1782 trinodis
1588 1761 1645 1790 523

150 1816 246 1863 Ter
278 1820 455 1878 quater
489 1815 683 1863 adversi
718 1815 849 1863 sedit
883 1815 936 1861 in
971 1831 1054 1862 ore
1089 1815 1197 1862 viri.

88 1897 182 1943 Ille
217 1896 366 1954 cadit,
403 1895 680 1958 mixtosque
715 1895 872 1943 vomit
908 1911 1018 1942 cum
1053 1895 1293 1958 sanguine
1330 1895 1506 1952 fumos,

153 1977 219 2022 Et
253 1976 356 2022 lato
389 1975 602 2022 moriens
636 1980 829 2038 pectore
864 1975 1057 2038 plangit
1091 1976 1306 2021 humum.

88 2056 320 2103 Immolat
354 2072 416 2103 ex
449 2055 553 2102 illis
587 2059 787 2101 taurum
821 2055 934 2113 tibi,
972 2055 1215 2117 Iuppiter,
1253 2071 1403 2100 unum

152 2136 343 2195 Victor,
379 2140 430 2182 et
465 2136 752 2182 Evandrum
787 2134 1118 2197 ruricolasque
1152 2140 1326 2193 vocat3
1589 2159 1647 2190 530

87 2215 458 2277 Oonstituitque
493 2214 602 2273 sibi,
639 2231 762 2277 quae
798 2215 1018 2261 Maxima
1054 2214 1253 2272 dicitur,
1290 2231 1438 2272 aram,

175 2295 275 2342 Hic
308 2295 394 2341 ubi
429 2311 541 2358 pars
575 2295 713 2341 urbis
748 2296 808 2342 de
844 2297 968 2342 bove
1002 2311 1179 2342 nomen
1216 2296 1379 2341 habet.

11 2375 34 2394 ‘
85 2372 135 2420 N
139 2390 192 2422 ec
224 2378 358 2422 tacet
393 2374 614 2421 Evandri
648 2378 809 2421 mater
844 2390 992 2437 prope
1026 2378 1221 2437 tempus
1255 2374 1437 2432 adesse,

175 2454 392 2501 Hercule
426 2470 522 2516 quo
555 2454 707 2501 tellus
742 2454 810 2501 sit
845 2454 967 2500 satis
1002 2469 1091 2500 usa
1125 2470 1225 2502 suo.

87 2532 162 2581 At
193 2534 317 2581 felix
349 2538 506 2592 vates,
541 2538 600 2580 ut
634 2534 711 2581 dis
745 2533 1029 2596 gratissima
1063 2533 1209 2591 vixit,
1578 2559 1639 2590 53⁵

176 2613 404 2661 Possidet
438 2614 568 2660 hunc
603 2614 716 2661 Iani
751 2614 820 2661 sic
855 2615 946 2661 dea
980 2629 1145 2661 mense
1181 2614 1324 2661 diem.
