1788 2980
55 220 117 252 vx.
128 204 142 269 J
718 204 912 250 JUNE.
1432 203 1519 249 155

53 313 198 359 Adde
234 327 397 358 senem
432 311 631 357 Tatium
667 311 1079 374 Iunonicolasque
1116 311 1346 369 Faliscos,

119 393 249 448 Quos
284 409 373 455 ego
409 392 646 438 Romanis
682 392 994 438 succubuisse
1029 392 1140 440 tuli.
1573 416 1610 446 so

53 474 148 520 Sed
184 488 340 535 neque
374 472 641 535 poeniteam
678 488 766 518 nec
800 488 920 534 gens
954 472 1076 518 mihi
1110 473 1267 519 carior
1302 471 1405 517 ulla
1439 475 1545 530 θείη

120 553 220 599 Hic
254 552 400 609 colar,
437 552 516 597 hic
551 556 745 598 teneam
775 568 886 598 cum
921 553 1042 599 Iove
1075 553 1260 615 templa
1290 569 1408 599 meo.

54 633 167 695 Ipse
202 632 324 678 mihi
360 632 576 689 Mavors,
614 632 910 679 Commendo
945 633 1150 692 moenia,
1189 633 1333 690 dixin,

121 713 258 758 Haec
292 711 416 766 'cib13
463 715 522 757 tu
556 711 746 773 pollens
781 713 901 758 urbe
938 713 1131 774 nepotis
1167 713 1276 759 eris.

62 791 204 838 Dicta
239 792 356 837 fides
392 791 616 852 sequitur
635 807 649 849 3
694 796 892 837 centum
927 793 1231 838 celebramur
1265 793 1318 838 in
1354 792 1467 850 aris,
1575 817 1610 847 55

121 871 227 916 Nec
260 870 415 916 levior
449 870 622 931 quovis
657 875 732 917 est
766 871 888 917 mihi
923 872 1105 918 mensis
1139 872 1306 919 honor.

56 951 104 996 N
109 967 161 996 ec
194 955 360 996 tamen
395 950 524 996 hunc
559 951 702 997 nobis
741 953 1085 998 tantaummodo
1122 957 1341 1015 praesbat
1381 953 1610 999 honorem

122 1031 306 1077 Roma:
354 1031 626 1076 suburbani
661 1031 783 1078 dant
819 1032 940 1078 mihi
975 1049 1153 1078 munus
1187 1034 1330 1080 idem.

58 1110 251 1172 Inspice
286 1125 406 1172 quos
440 1110 622 1157 habeat
657 1112 922 1158 nemoralis
954 1112 1124 1158 Aricia
1159 1113 1316 1159 fastos

124 1191 192 1236 Et
226 1189 434 1251 populus
470 1190 689 1237 Laurens
724 1192 1098 1254 Lanuviumque
1133 1207 1293 1238 meum
1309 1210 1323 1252 3
1577 1209 1614 1238 60

60 1270 151 1316 Esb
185 1270 288 1316 illic
322 1269 502 1316 mensis
538 1270 795 1320 Iunonius.
865 1272 1060 1334 Inspice
1096 1273 1251 1318 Tibur

125 1351 192 1395 Et
226 1349 576 1396 Praenesbinae
610 1351 803 1397 moenia
839 1359 975 1397 sacra
1010 1352 1159 1410 deae;

59 1430 300 1476 Iunonale
335 1429 466 1492 leges
501 1435 708 1492 tempus.
779 1431 885 1477 Nec
919 1432 1160 1478 Romulus
1195 1432 1306 1478 illas

126 1509 362 1556 Condidit
378 1527 392 1569 3
437 1514 490 1556 ab
524 1511 684 1557 nostri
718 1511 877 1557 Roma
912 1512 1104 1574 nepotis
1138 1517 1259 1558 erat.

490 1653 526 1691 2.
566 1651 647 1690 The
675 1651 799 1690 claim
827 1653 875 1702 of
897 1653 1003 1691 Heba
1033 1652 1275 1702 (Juventas).

65 1753 280 1799 Finierab
314 1753 474 1800 Iuno:
521 1753 823 1815 respeximus
839 1768 853 1812 3
899 1753 1133 1800 Herculis
1167 1770 1290 1800 uxor
1579 1772 1618 1808 es

126 1834 316 1890 Stabat,
353 1838 402 1879 eb
439 1834 491 1879 in
526 1833 673 1880 vulbu
709 1832 850 1894 signa
885 1832 1068 1894 vigoris
1105 1839 1261 1880 erant.

60 1914 175 1958 Non
209 1928 312 1974 ego,
349 1913 391 1958 si
425 1918 533 1959 tobo
568 1917 726 1958 mater
760 1928 837 1959 me
871 1913 1041 1959 cedere
1076 1913 1208 1959 caelo

126 1993 350 2049 Iusserit,
387 1993 548 2038 inviba
582 1999 738 2037 matre
774 1993 1012 2050 morabor,
1050 1994 1134 2040 ait.

61 2072 208 2117 Nunc
241 2088 430 2134 quoque
466 2088 565 2118 non
600 2072 760 2117 luctor
794 2072 853 2117 de
888 2073 1083 2119 nomine
1118 2074 1354 2136 temporis
1390 2074 1564 2120 huius:

127 2151 378 2209 Blandior,
414 2157 464 2198 eb
499 2156 663 2213 partes
698 2167 851 2212 paene
884 2153 1107 2214 rogant-‚is
1142 2170 1267 2215 ago;
1582 2179 1617 2208 70

63 2232 279 2292 Remque
313 2232 409 2277 mei
444 2232 565 2278 iuris
600 2232 768 2277 malim
803 2232 1020 2278 tenuisse
1056 2234 1295 2295 precando
1313 2249 1326 2292 3

128 2311 194 2356 Efi
229 2310 396 2357 faveas
430 2328 604 2358 causae
638 2312 849 2358 forsitan
884 2312 986 2374 ipse
1022 2328 1168 2359 meae.

62 2390 229 2435 Aurea
264 2390 480 2450 possedib
514 2389 641 2435 socio
678 2388 925 2451 Capitolia
958 2386 1144 2450 templo

128 2466 293 2512 Mater
325 2471 391 2523 et,
427 2472 485 2513 uh
520 2468 681 2523 debeb,
716 2483 827 2513 cum
861 2467 981 2513 Iove
1016 2483 1203 2513 summa
1238 2473 1377 2515 teneb
1395 2485 1408 2527 ;

66 2545 136 2591 Ab
171 2546 316 2592 decus
350 2562 493 2592 omne
529 2546 650 2592 mihi
685 2546 932 2608 contingit
967 2546 1154 2608 origine
1190 2548 1400 2595 mensis:
1580 2573 1617 2604 75

135 2624 320 2672 Unicus
354 2630 443 2684 est,
481 2626 541 2672 de
574 2641 669 2688 quo
703 2625 1039 2687 sollicitamur,
1082 2626 1249 2675 honor.
