1788 2980
248 189 338 235 168
744 191 970 238 OVJDJJ
1003 192 1214 239 ΜΒΝ.
1586 194 1703 257 [mn.
1786 178 1788 188 ‘

307 297 567 360 Mixtaque
607 303 714 344 erat
754 300 974 346 fiammae
1014 300 1207 345 flamma
1247 300 1453 363 profana
1489 302 1610 364 piae.

241 377 508 424 Attonitae
548 379 745 436 flebant,
789 379 998 426 demisso
1035 379 1183 438 crine,
1224 380 1511 428 ministrae:

306 461 604 506 Abstulerat
643 461 773 507 vires
808 461 1023 523 corporis
1060 461 1163 523 ipse
1199 462 1362 509 timor.

157 567 212 595 375
238 541 474 587 Provolat
512 541 564 586 in
605 541 832 599 medium,
869 546 920 588 et
956 558 1148 604 magna,
1186 542 1491 589 Succurritel
1533 558 1662 599 voce,

308 621 424 667 Non
461 626 537 668 est
573 622 781 668 officium
818 623 946 680 flere,
988 623 1225 669 Metellus
1261 623 1347 669 ait.

244 700 459 762 Pignora
499 700 736 763 virgineis
773 701 949 747 fatalia
988 702 1153 748 tollite
1195 701 1400 764 palmis:

307 780 424 826 Non
458 797 515 826 ea
550 786 668 826 sunt
707 786 836 839 voto,
879 782 963 828 sed
1004 781 1238 844 rapienda
1273 798 1431 828 manu„

242 861 327 906 Me
363 859 625 907 miserum!
667 861 942 908 dubitatis2
981 862 1068 909 ait.
1140 862 1385 908 Dubitare
1413 862 1613 909 videbat

156 954 216 993 330
305 940 371 984 Et
411 939 614 1001 pavidas
655 940 815 1002 posito
856 940 1170 1002 procubuisse
1210 957 1368 1003 genu3

243 1019 432 1065 Haurit
466 1035 631 1081 aquas,
666 1020 942 1082 tollensque
976 1037 1165 1079 manus,
1200 1022 1462 1084 Ignoscite,
1502 1022 1644 1080 dixit,

308 1099 479 1146 Sacra!
523 1100 602 1147 vir
634 1100 833 1147 intrabo
867 1117 965 1146 non
1000 1102 1226 1148 adeunda
1259 1102 1380 1149 viro.

243 1179 295 1226 Si
330 1179 487 1226 scelus
521 1185 611 1238 est,
647 1180 699 1226 in
733 1197 810 1226 me
843 1182 1086 1227 commissi
1121 1198 1275 1244 poena
1308 1183 1551 1229 redundet
1568 1200 1581 1242 3

309 1259 386 1307 Sit
419 1260 596 1322 capitis
631 1261 807 1307 damno
842 1261 999 1307 Roma
1034 1261 1196 1308 soluta
1230 1261 1340 1308 mei.

157 1355 214 1394 385
239 1339 383 1386 Dixit
416 1344 468 1386 et
501 1339 700 1403 irrupit.
770 1341 976 1386 Factum
1011 1341 1101 1386 dea
1135 1346 1278 1403 rapta
1312 1342 1554 1403 probavit,

308 1419 658 1481 Pontificisque
693 1419 769 1466 sui
803 1435 1003 1466 munere
1037 1424 1149 1466 tuta
1181 1420 1294 1468 fuit.

241 1499 387 1546 Nunc
422 1500 544 1546 bene
579 1500 753 1546 lucetis
787 1516 949 1547 sacrae
983 1501 1076 1547 sub
1112 1501 1317 1548 Caesare
1353 1503 1598 1549 flammae:

308 1578 446 1640 Ignis
482 1578 535 1624 in
570 1579 737 1625 Iliacis
770 1596 901 1626 nunc
936 1579 1047 1637 erit,
1082 1585 1268 1642 estque,
1304 1581 1459 1640 focis3

242 1658 491 1719 Nullaque
526 1658 717 1704 dicetur
748 1659 905 1706 vittas
938 1647 1201 1707 temerasse
1235 1662 1458 1708 sacerdos

155 1765 214 1795 390
305 1739 413 1784 Hoc
449 1739 581 1796 duce,
618 1755 707 1785 nec
741 1740 858 1786 viva
893 1739 1171 1786 defodietur
1204 1741 1364 1788 humo.

242 1818 321 1864 Sic
354 1817 542 1864 incesta
576 1819 736 1880 perit:
784 1819 911 1881 quia,
949 1836 1094 1881 quam
1128 1820 1351 1879 violavit,
1387 1821 1438 1866 in
1474 1822 1609 1867 illam

308 1897 563 1956 Conditur,
600 1902 651 1944 et
684 1898 851 1945 Tellus
885 1900 1138 1961 Vestaque
1171 1917 1352 1947 numen
1387 1901 1516 1947 idem
1552 1908 1638 1950 est.

344 2085 426 2124 The
457 2085 639 2124 Gallaeei
665 2084 895 2136 conquered.
959 2084 1129 2124 Crassus
1156 2085 1332 2134 defeated
1360 2085 1443 2124 and
1470 2086 1594 2126 slain.

238 2215 364 2260 Tum
398 2213 496 2260 sibi
532 2214 745 2260 Callaico
782 2214 969 2259 Brutus
1003 2229 1269 2275 cognomen
1305 2214 1367 2259 ab
1403 2213 1542 2260 hoste

305 2295 458 2353 Fecit,
494 2298 546 2340 et
580 2294 859 2356 Hispanam
893 2293 1131 2355 sanguine
1167 2293 1322 2339 tinxit
1356 2294 1572 2340 humum.

152 2400 208 2432 395
234 2376 429 2423 Scilicet
464 2375 715 2423 interdum
747 2375 1017 2422 miscentur
1049 2375 1217 2422 tristia
1250 2376 1409 2433 laetis,

304 2452 412 2501 Nec
446 2457 682 2518 populum
714 2461 822 2502 toto
858 2460 1055 2518 pectore
1087 2455 1217 2502 festa
1252 2456 1442 2502 iuvant.

241 2537 446 2584 Crassus
483 2540 544 2585 ad
582 2540 871 2601 Euphraten
909 2537 1100 2599 aquilas
1136 2540 1406 2597 natumque
1443 2550 1653 2597 suosque

306 2618 548 2673 Perdidit,
586 2624 636 2665 et
673 2619 773 2665 leto
807 2622 886 2665 est
922 2617 1130 2663 ultimus
1166 2617 1270 2677 ipse
1306 2616 1466 2662 datus.
