1788 2980
267 219 357 264 166
762 216 987 262 OVIDII
1029 216 1235 262 FASTJ.
1610 215 1726 281 [mn.

263 326 474 386 Surgite‚
511 331 561 371 et
602 325 652 369 in
694 324 878 370 medios
916 325 975 370 de
1014 325 1216 370 summis
1252 325 1447 371 arcibus
1487 326 1653 372 hostes

180 431 234 459 ‚20
323 393 535 463 Mittite,
573 420 718 466 quam
755 404 955 450 minime
995 405 1189 451 tradere
1230 405 1401 462 vultis,
1444 422 1597 466 opem.

261 487 470 532 Somnus
510 485 632 543 abit,
672 489 1010 547 quaeruntque
1047 485 1191 531 novis
1228 485 1516 546 ambagibus
1551 485 1663 542 acti,

326 567 538 613 Tradere
576 582 723 628 quam
760 565 924 611 nolint
960 569 1011 610 et
1051 564 1318 611 iubeantur
1353 581 1506 627 opem.

260 646 378 692 Esse
420 647 564 692 Ceres
600 646 707 692 visa
746 650 835 692 est.
905 645 1104 690 Iaciunt
1142 644 1360 691 Cerealia
1396 645 1553 690 dona:

324 727 465 772 Iacta
505 742 650 788 super
687 725 854 788 galeas
890 729 1123 786 scutaque
1161 725 1309 787 longa
1346 730 1540 771 sonant.

173 831 228 860 325
256 806 404 851 Posse
442 805 570 851 fame
610 805 743 851 vinci
786 821 893 866 spes
932 803 1147 849 excidit:
1196 804 1336 850 hoste
1377 805 1570 866 repulso

325 882 547 928 Candida
584 881 770 928 Pistori
808 881 1011 943 ponitur
1051 897 1135 926 ara
1174 881 1297 927 Iovi.

382 1023 607 1061 Procasszon
636 1023 682 1072 os
704 1021 941 1072 bare-sootcd
970 1021 1110 1060 zadies.
1171 1022 1231 1061 Its
1259 1023 1417 1062 ancient
1446 1024 1594 1072 oriyin.

257 1119 404 1163 Forte
443 1117 726 1163 revertebar
762 1116 903 1162 festis
940 1116 1229 1162 Vestalibus
1269 1117 1397 1174 illac,

320 1197 427 1252 Qua
466 1197 612 1243 Nova
651 1197 873 1242 Romano
914 1212 1044 1241 nunc
1066 1196 1166 1241 Via
1204 1196 1374 1241 iuncta
1409 1197 1534 1242 Foro
1571 1203 1659 1243 est.

256 1278 371 1323 Huc
412 1277 531 1339 pede
571 1281 848 1321 matronam
886 1275 990 1320 vidi
1033 1276 1325 1322 descendere
1366 1278 1528 1322 nudo:

167 1382 227 1412 330
317 1357 564 1418 Obstupui
604 1355 787 1401 tacitus
825 1355 1136 1417 sustinuique
1173 1356 1393 1417 gradum.

255 1437 422 1483 Sensit
458 1452 581 1482 anus
622 1435 785 1482 vicina
825 1435 943 1493 loco,
988 1435 1267 1497 iussumque
1308 1437 1475 1483 sedere

319 1516 623 1578 Alloquitur,
661 1515 887 1577 quatiens
927 1530 1044 1560 voce
1085 1519 1328 1561 tremente
1364 1522 1524 1578 caput.

255 1597 378 1653 Hoc,
418 1595 503 1640 ubi
540 1611 670 1641 nunc
710 1595 818 1640 fora
855 1598 986 1651 sunt,
1027 1595 1151 1640 udae
1187 1599 1387 1641 tenuere
1429 1597 1660 1658 paludes3

318 1677 480 1721 Amne
521 1674 811 1720 redundatis
849 1674 980 1719 fossa
1017 1674 1246 1720 madebat
1284 1675 1434 1736 aquis.

166 1780 221 1808 335
249 1754 451 1800 Curtius
492 1754 577 1799 ille
618 1754 768 1810 lacus,
812 1753 961 1798 siccas
1002 1752 1086 1814 qui
1128 1753 1342 1799 sustinet
1378 1771 1503 1812 aras,

318 1835 464 1879 Nunc
504 1834 661 1880 solida
702 1838 777 1879 est
817 1833 983 1890 tellus,
1027 1833 1111 1878 sed
1150 1832 1286 1878 lacus
1323 1838 1440 1879 ante
1478 1835 1591 1881 fuit.

252 1914 358 1968 Qua
397 1914 614 1959 Velabra
656 1914 816 1959 solent
856 1913 906 1958 in
951 1913 1144 1959 Circum
1186 1914 1360 1959 ducere
1398 1931 1612 1976 pompas,

321 1992 410 2038 Nil
449 1997 643 2054 praeter
682 1992 853 2038 salices
890 2007 1119 2053 cassaque
1154 2008 1310 2037 canna
1348 1992 1460 2038 fuit.

246 2073 396 2133 Saepe
433 2072 740 2117 suburbanas
776 2072 969 2130 rediens
1005 2071 1213 2116 conviva
1248 2087 1334 2132 per
1369 2073 1525 2117 undas

162 2177 223 2207 300
313 2153 495 2197 Cantat
535 2156 587 2197 et
627 2152 689 2196 ad
729 2155 907 2196 nautas
945 2151 1080 2196 ebria
1117 2151 1267 2196 verba
1303 2151 1433 2197 iacit.

250 2235 484 2280 Nondum
525 2233 820 2278 conveniens
859 2233 1066 2278 diversis
1107 2233 1201 2277 iste
1244 2232 1412 2293 figuris

317 2315 508 2360 Nomen
547 2315 608 2359 ab
650 2329 821 2359 averso
861 2317 1055 2375 ceperat
1094 2329 1236 2358 amne
1278 2314 1409 2358 deus.

252 2394 348 2438 Hic
389 2409 578 2455 quoque
620 2393 758 2439 lucus
798 2397 905 2438 erat
943 2391 1099 2437 iuncis
1138 2397 1188 2438 et
1225 2392 1465 2438 arundine
1503 2393 1696 2450 densus,

317 2475 382 2519 Et
424 2475 544 2535 pede
584 2474 747 2519 velato
785 2490 880 2519 non
923 2473 1148 2518 adeunda
1189 2473 1340 2533 palus.

165 2580 219 2608 345
246 2554 433 2614 Stagna
473 2557 780 2599 recesserunt
821 2557 872 2598 et
911 2569 1061 2614 aquas
1101 2569 1189 2597 sua
1228 2553 1334 2614 ripa
1371 2557 1570 2610 co'c'rcet,

319 2632 550 2691 Siccaque
586 2649 714 2678 nunc
756 2632 936 2689 tellusJ,
981 2648 1084 2678 mos
1125 2636 1289 2678 tamen
1332 2633 1416 2678 ille
1454 2637 1632 2678 manet.
