1788 2980
64 156 118 223 1.]
627 160 955 209 JANUARY.
1474 166 1531 216 17

127 266 466 329 Iuveruntque
500 267 616 313 deos
650 267 828 315 indicis
863 275 978 316 exta
1013 270 1103 316 sui.
1108 311 1173 356 7

66 346 193 408 Ergo
228 362 384 409 saepe,
422 363 508 393 suo
543 346 757 394 coniunx
791 349 1007 396 abducta
1040 349 1236 409 marito,

129 425 312 473 Uritur
346 425 521 473 Idaliis
555 426 669 472 alba
703 427 929 474 columba
963 428 1100 476 focis.

64 507 167 553 Nec
201 505 403 553 defensa
436 506 612 553 iuvant
648 506 908 568 Capitolia,
944 508 1205 570 quominus
1228 527 1374 558 anser

128 586 229 632 Det
262 585 395 632 iecur
428 585 481 632 in
516 586 694 644 lances,
731 586 906 633 Inachi
941 587 1095 646 lauta,
1131 595 1256 637 tuas.

64 666 221 713 Nocte
256 666 373 713 deae
408 667 567 713 noctis
601 666 836 714 cristatus
870 668 1095 715 caeditur
1128 670 1244 728 ales,
1567 698 1623 726 403

128 746 268 802 Quod
302 748 525 810 tepidum
560 747 703 810 vigili
738 754 971 811 provocet
1007 766 1088 797 ore
1124 751 1267 797 diem.

72 826 265 874 [nterea
298 827 517 890 Delphin
553 827 740 874 clarum
775 845 921 891 super
953 845 1164 892 aequora
1200 830 1336 877 sidus

128 906 357 966 Tollitur,
392 912 444 955 et
479 907 654 970 patriis
688 908 873 955 exserit
908 925 993 956 ora
1027 910 1179 958 vadis.

233 1049 431 1100 January
461 1049 567 1098 loch,
600 1049 686 1089 md.
720 1050 803 1092 IV.
836 1050 900 1089 Id.
929 1050 1356 1094 Jan.—Mid-winter.

67 1136 269 1183 Postera
303 1136 389 1183 lux
424 1137 633 1184 hiemem
667 1138 827 1185 medio
864 1138 1145 1186 discrimine
1180 1139 1359 1203 signat,

130 1217 397 1280 Aequaque
433 1217 744 1281 praeteritae,
780 1234 904 1281 quae
939 1219 1206 1281 superabit,
1245 1220 1354 1266 erit.
1564 1246 1622 1274 ω

65 1356 261 1406 January
290 1356 396 1404 nth,
429 1356 515 1397 ad.
538 1357 629 1399 III.
652 1357 718 1397 Id.
751 1357 999 1398 Mra—The
1027 1359 1204 1398 Festival
1232 1360 1278 1410 os
1303 1360 1540 1401 Carmentae.

324 1409 410 1449 aml
436 1410 664 1450 dedication
691 1411 738 1462 qs
759 1411 822 1451 tus
849 1412 990 1463 temple
1018 1413 1067 1462 qs
1086 1413 1284 1452 Juturna.

68 1497 297 1544 Proxima
332 1498 595 1561 prospiciet
628 1499 843 1546 Tithono
877 1501 1074 1547 Aurora
1109 1501 1281 1548 relicto

134 1580 379 1627 Arcadiae
407 1595 597 1626 sacrum
633 1579 910 1641 pontificale
946 1580 1076 1628 deae.

66 1659 133 1705 Te
167 1674 357 1721 quoque
392 1659 478 1704 lux
513 1659 696 1716 eadem,
733 1659 889 1705 Turni
926 1676 1077 1718 soror,
1114 1661 1233 1707 aede
1270 1662 1468 1724 recepit,

133 1739 231 1785 Hic
267 1738 351 1785 ubi
385 1737 628 1801 Virginea
658 1739 873 1802 Campus
896 1740 1065 1786 obitur
1097 1757 1234 1802 aqua.

72 1819 214 1866 Unde
249 1823 410 1881 petam
448 1834 618 1864 causas
652 1817 825 1864 horum
861 1835 1138 1882 moremque
1174 1823 1457 1868 sacrorum?
1567 1846 1626 1876 ,με

132 1898 332 1962 Dirigat
365 1897 418 1944 in
453 1897 612 1944 medio
645 1898 755 1960 quis
791 1915 896 1946 mea
931 1899 1041 1946 vela
1075 1900 1241 1947 freto?

70 1979 185 2041 Ipsa
217 1994 373 2037 mone,
407 1993 530 2041 quae
564 1993 741 2024 nomen
777 1979 928 2025 habes
963 1996 992 2025 a
1025 1980 1242 2026 carmine
1276 1982 1493 2039 ductum,

135 2057 488 2121 Propositoque
523 2056 650 2115 fave,
688 2073 749 2104 ne
784 2063 901 2105 tuus
936 2064 1067 2106 erret
1104 2059 1271 2107 honos.

71 2198 271 2248 Evander,
296 2197 487 2237 banished
503 2199 621 2249 from
640 2199 839 2247 Arcadia,
864 2200 901 2238 is
920 2200 1164 2250 encouraqed
1183 2200 1231 2250 by
1250 2200 1312 2239 the
1329 2201 1554 2251 prophecie-s

518 2252 565 2302 qf
586 2251 651 2291 his
679 2252 831 2291 mother
862 2253 1101 2294 Carmentis.

71 2340 194 2387 Orta
226 2339 361 2402 prior
394 2339 527 2398 luna,
564 2341 624 2387 de
659 2356 710 2387 se
745 2340 787 2386 si
821 2341 1041 2387 creditur
1074 2341 1185 2404 ipsi,

135 2420 186 2466 A
218 2436 395 2482 magno
430 2420 582 2467 tellus
615 2420 810 2467 Arcade
845 2436 1022 2467 nomen
1058 2421 1220 2468 habet.
1569 2447 1628 2477 φο

75 2499 171 2546 Hic
203 2499 304 2546 fuit
338 2501 582 2559 Evander,
617 2501 717 2563 qui,
754 2517 1050 2563 quamquam
1084 2502 1248 2549 clarus
1282 2507 1506 2566 utroque,

159 2579 391 2627 Nobilior
425 2596 589 2628 sacrae
625 2580 864 2643 sanguine
899 2581 1074 2628 matris
1108 2586 1230 2641 erat,

1337 2674 1369 2710 0
