1788 2980
44 195 121 258 11.]
590 192 965 239 FEBRUARY.
1451 192 1516 241 47

490 368 570 406 The
592 368 751 416 praiscs
779 368 825 416 os
855 367 1082 405 Terminus.

0 516 1 530 χ
42 464 354 511 Conveniunt
378 463 723 524 celebrantque
764 463 911 525 dapes
950 462 1132 508 vicinia
1168 452 1390 524 simplex,

107 547 174 591 Et
209 548 417 591 cantant
455 543 639 600 laudes,
682 544 909 589 Termine
950 547 1133 599 sancte,
1160 547 1288 589 tuas.
1551 567 1605 594 502
1654 562 1692 587 .·

41 629 113 673 Tu
151 625 368 688 populos,
411 624 666 685 urbesque,
707 629 757 670 et
799 641 950 685 regna
988 624 1213 685 ingentia
1253 623 1403 673 finis:

107 705 278 753 Omnis
317 704 412 751 erit
453 702 558 749 sine
594 708 645 750 te
687 704 934 766 litigiosus
976 721 1106 767 ager.

44 787 197 833 Nulla
235 785 331 831 tibi
367 783 574 830 ambitio
617 790 692 830 est
713 801 725 843 5
778 785 916 829 nullo
942 785 1270 848 corrumperis
1308 800 1441 841 auro,

110 866 353 929 Legitima
395 879 562 910 servas
600 864 788 910 credita
828 880 944 909 rura
982 865 1113 932 fides

44 947 93 992 Si
132 951 188 991 tu
227 946 475 1008 signasses
513 944 631 991 olim
669 943 974 1005 Thyreatida
1014 943 1213 1001 terram,
1553 968 1607 996 50⁵

110 1028 323 1089 Corpora
360 1043 458 1072 non
501 1027 601 1073 leto
644 1024 792 1070 missa
834 1029 1058 1070 trecenta
1095 1024 1277 1081 forent,

45 1108 148 1153 Nec
183 1106 313 1153 foret
350 1107 628 1168 Othryades
668 1104 915 1166 congestis
954 1104 1110 1150 lectus
1150 1104 1203 1150 in
1244 1104 1408 1150 armis.

109 1188 150 1233 O
186 1192 428 1248 quantum
465 1185 655 1248 patriae
697 1184 952 1246 sanguinis
991 1184 1076 1231 ille
1115 1184 1286 1230 dediti

43 1267 170 1322 Quid
212 1284 339 1313 nova
375 1283 484 1312 cum
522 1267 698 1312 fierent
736 1264 1014 1326 Capitolia?
1062 1280 1236 1326 nempe
1278 1264 1476 1309 deorum

110 1347 299 1393 Cuncta
339 1345 450 1392 Iovi
486 1346 633 1392 cessit
669 1346 832 1402 turba,
872 1344 1126 1406 locumque
1167 1344 1318 1390 dedit.
1556 1369 1616 1397 510

43 1427 314 1483 Terminus,
355 1431 412 1472 ut
452 1432 644 1472 veteres
682 1429 973 1482 memorant,
1013 1424 1249 1471 inventus
1290 1424 1342 1468 in
1385 1423 1502 1469 aede

110 1507 336 1564 Restitit,
374 1512 425 1553 et
458 1523 636 1568 magno
669 1521 779 1551 cum
813 1505 933 1550 Iove
969 1504 1155 1566 templa
1191 1509 1341 1549 tenet.

45 1586 192 1631 Nunc
227 1602 432 1648 quoque,
470 1602 520 1632 se
562 1601 710 1646 supra
752 1599 814 1629 ne
854 1583 972 1645 quid
1012 1583 1109 1628 nisi
1148 1583 1311 1629 sidera
1353 1586 1539 1637 cernat,

112 1666 359 1727 Exiguum
397 1666 570 1728 templi
612 1669 745 1710 tecta
782 1663 1002 1710 foramen
1041 1664 1242 1710 habent.

45 1744 284 1802 Termine,
323 1751 433 1807 post
468 1745 593 1791 illud
632 1743 811 1789 levitas
847 1743 943 1788 tibi
981 1742 1138 1788 libera
1172 1759 1271 1788 non
1313 1746 1417 1788 est:
1557 1765 1612 1793 5¹5

111 1826 217 1881 Qua
257 1825 445 1887 positus
485 1825 639 1872 fueris
680 1824 732 1869 in
771 1824 1003 1881 statione,
1043 1839 1200 1874 mane.

46 1908 149 1954 Nec
189 1911 247 1952 tu
284 1907 445 1953 vicino
487 1907 754 1969 quidquam
796 1905 1004 1951 concede
1041 1903 1257 1966 roganti,

111 1988 189 2034 Ne
230 1986 428 2033 videare
469 1986 717 2032 hominem
756 1984 1094 2047 praeposuisse
1135 1984 1281 2042 Iovi3

49 2069 114 2114 Et
150 2083 234 2114 seu
274 2067 568 2126 vomeribus,
615 2082 700 2112 seu
741 2070 798 2110 tu
838 2065 1097 2126 pulsabere
1139 2063 1330 2120 rastris,

114 2147 352 2204 Clamato,
391 2151 508 2193 tuus
550 2150 627 2193 est
669 2144 748 2191 hic
786 2161 916 2206 ager,
959 2144 1044 2190 ille
1086 2149 1290 2190 tuus.—-
1561 2166 1614 2196 §ze

51 2229 140 2274 Est
174 2228 270 2284 via,
310 2244 433 2289 quae
471 2226 705 2289 populum
746 2226 1020 2271 Laurentes
1062 2225 1199 2271 ducit
1239 2224 1291 2269 in
1334 2239 1490 2285 agros,

114 2308 372 2362 Quondam
408 2306 662 2352 Dardanio
703 2322 853 2367 regna
890 2305 1050 2367 petita
1087 2304 1213 2351 duci.

52 2388 148 2432 Illa
184 2386 392 2448 lanigeri
432 2387 618 2448 pecoris
656 2386 767 2443 tibi,
806 2386 1048 2442 Termine,
1087 2385 1225 2431 fibris

117 2467 265 2513 Sacra
303 2465 442 2512 videt
481 2467 586 2512 fieri
624 2470 794 2513 sextus
835 2466 897 2511 ab
936 2466 1058 2510 urbe
1099 2464 1238 2526 lapis.

53 2547 294 2593 Gentibus
329 2551 407 2593 est
443 2545 554 2592 aliis
588 2546 743 2592 -tellus
785 2546 902 2591 data
942 2544 1103 2591 limite
1141 2548 1274 2590 certo
1292 2563 1303 2602 3
1556 2566 1615 2596 5⁶5

119 2627 367 2673 Romanae
409 2627 622 2689 spatium
661 2631 735 2672 est
777 2625 912 2671 urbis
950 2629 1001 2672 et
1041 2624 1174 2671 orbis
1211 2624 1354 2671 idem.
