1788 2980
33 190 98 258 v.]
685 194 778 240 MA
792 194 841 240 Y.
1406 195 1493 240 143

36 301 142 347 Hac
175 315 364 362 quoque
399 300 459 347 de
491 317 651 359 causa,
687 301 729 347 si
764 305 814 346 te
850 300 1108 362 proverbia
1142 305 1374 362 tangunt,

99 379 270 425 Mense
304 379 458 425 malas
493 380 628 426 Maio
663 380 846 426 nubere
879 379 1058 441 vulgus
1092 379 1178 426 ait.

33 460 126 506 Sed
163 464 329 506 tamen
363 459 482 506 haec
515 459 614 505 tria
649 465 767 506 sunt
803 460 894 506 sub
929 460 1096 506 eodem
1127 464 1346 521 tempore
1369 459 1497 505 festa

99 539 241 584 Inter
275 554 326 585 se
359 538 498 584 nulla
531 539 819 585 continuata
855 539 946 586 die.

36 695 137 744 May
167 695 272 744 lOa‘h,
306 695 390 735 aad.
435 695 506 736 VI.
539 695 603 733 Id.
637 695 932 734 Mai.—Orion
970 699 1054 733 sets.
1117 696 1311 744 Hyrieus,
1345 707 1401 733 απ
1440 695 1505 734 old

286 749 450 796 sarmer,
485 749 704 787 entertains
730 748 996 797 unwittinqu
1025 748 1129 787 three
1156 748 1263 797 yods.

37 849 250 904 Quorum
286 848 327 895 si
362 849 538 895 mediis
573 850 813 895 Boeotum
848 848 1030 895 Oriona
1064 864 1281 910 quaeres,
1530 875 1586 903 ⁴⁴5

100 929 276 974 Falsus
312 929 422 975 eris.
493 928 632 991 Signi
667 945 811 975 causa
846 929 1064 974 canenda
1097 929 1233 974 mihi.

35 1009 259 1071 Iuppiter
293 1013 344 1055 et
378 1009 480 1055 lato
516 1009 599 1071 qui
634 1013 809 1071 regnat
843 1007 895 1054 in
931 1024 1135 1070 aequore
1171 1008 1327 1054 frater

101 1089 378 1150 Carpebant
411 1088 566 1134 socias
600 1087 970 1149 Mercuriusque
1004 1086 1124 1134 vias.

33 1166 243 1229 Tempus
278 1171 399 1224 erat,
420 1183 514 1228 quo
550 1181 692 1213 versa
725 1165 840 1227 iugo
875 1165 1162 1213 referuntur
1195 1170 1361 1212 aratra

101 1247 167 1292 Et
201 1263 384 1308 pronus
419 1251 615 1292 saturae
651 1245 726 1292 lac
761 1245 891 1291 bibit
925 1261 1082 1307 agnus
1118 1246 1240 1292 ovis.
1531 1270 1590 1299 ⁴50

37 1326 180 1373 Forte
215 1343 363 1373 senex
398 1325 634 1387 Hyrieus,
665 1325 866 1388 angusti
900 1326 1061 1378 cultor
1094 1325 1257 1388 agelli,

100 1407 208 1453 Hos
242 1407 395 1464 videt,
431 1406 659 1468 exiguam
694 1406 861 1452 stabat
896 1410 953 1451 ut
988 1410 1104 1452 ante
1139 1421 1313 1452 casam.

33 1487 199 1548 Atque
222 1486 308 1543 ita,
333 1486 504 1547 Longa
526 1485 608 1532 via
632 1489 708 1531 est
731 1501 819 1532 nec
843 1490 1062 1546 tempora
1086 1484 1232 1546 longa
1255 1488 1534 1546 supersunt,

100 1565 257 1623 Dixit,
293 1570 344 1612 et
379 1564 658 1627 hospitibus
693 1564 842 1610 ianua
876 1570 1047 1611 nostra
1081 1569 1234 1626 patet.

34 1645 247 1691 Addidit
281 1649 332 1690 et
367 1644 564 1690 vultum
599 1643 779 1700 verbis,
816 1643 1093 1706 iterumque
1127 1643 1337 1705 rogavit.
1532 1668 1589 1697 455

100 1725 283 1770 Parent
319 1723 586 1786 promissis,
624 1723 1036 1785 dissimulantque
1072 1723 1199 1769 deos.

380 1871 420 1910 A
449 1871 574 1910 nescia
590 1871 700 1920 feast
729 1871 765 1908 2⁰3
786 1870 998 1920 prepared,
1030 1870 1115 1908 ancl
1142 1875 1264 1910 caten.

35 1974 183 2021 Tecta
218 1974 348 2020 senis
382 1975 597 2020 subeunt
632 1973 773 2034 nigro
810 1973 1048 2019 deformia
1082 1972 1217 2018 fumo
1234 1990 1248 2032 3

101 2054 241 2116 Ignis
276 2054 328 2100 in
363 2053 593 2099 hesterno
629 2052 800 2114 stipite
836 2069 1014 2114 parvus
1050 2057 1170 2099 erat.

36 2133 149 2194 Ipse
184 2148 313 2194 genu
349 2132 495 2178 nixus
530 2131 747 2176 flammas
783 2130 1053 2177 exsuscitat
1088 2147 1220 2188 aura,

103 2212 169 2258 Et
203 2211 383 2274 promit
417 2226 619 2273 quassas
653 2209 1034 2271 comminuitque
1068 2210 1209 2256 faces.
1533 2226 1591 2265 460

36 2279 184 2339 Stant
206 2293 409 2339 calices:
444 2292 605 2338 minor
627 2292 742 2338 inde
765 2292 919 2348 fabas,
945 2291 1088 2337 holus
1121 2291 1247 2337 alter
1282 2291 1511 2350 habebat,

102 2374 168 2419 Et
203 2378 435 2435 spumant
469 2377 604 2419 testu
641 2388 836 2434 pressus
871 2376 1077 2433 uterque
1111 2387 1211 2418 suo.

36 2453 262 2513 Dumque
285 2467 420 2498 mora
444 2456 534 2508 est,
559 2451 772 2497 tremula
796 2451 882 2496 dat
906 2451 1022 2496 vina
1045 2449 1275 2497 rubentia
1299 2450 1487 2496 dextra.

100 2531 298 2593 Accipit
331 2546 596 2592 aequoreus
631 2529 803 2592 pocula
837 2529 994 2591 prima
1028 2529 1161 2576 deus.

36 2612 169 2666 Quae
203 2610 348 2656 simul
383 2609 626 2666 exhausit,
663 2610 740 2654 Da
775 2624 905 2655 nunc
939 2609 1079 2654 bibat
1113 2609 1296 2667 ordine,
1336 2609 1478 2668 dixit,
1528 2625 1588 2663 ⁴65
