1788 2980
67 178 155 245 η]
730 181 923 228 JUNE.
1443 177 1534 224 157

66 289 215 337 Unde
251 289 392 336 datas
427 289 606 336 habeat
641 289 787 347 vires,
823 288 1075 336 obscurior
1108 302 1228 333 aevo

133 371 284 416 Fama
302 386 316 428 3
361 371 445 416 sed
481 386 507 416 e
541 374 711 416 nostro
745 370 960 416 carmine
995 372 1159 415 certus
1194 366 1306 414 eris.

0 433 1 506 l
67 449 277 495 Adiacet
311 449 506 510 antiqui
540 448 773 494 Tiberino
809 448 947 494 lucus
982 447 1221 494 Helerni:
1572 467 1625 496 105

0 517 1 540 ¹
132 529 396 575 Pontifices
432 529 550 575 illuc
586 545 718 574 nunc
752 544 943 590 quoque
980 544 1115 574 sacra
1151 527 1335 573 ferunt.

67 609 191 655 Inde
229 614 336 655 sata
369 614 445 655 est
480 608 708 670 nymphe,
747 608 990 671 (Crana'e'n
1027 607 1193 653 dixere
1228 603 1452 668 priores,)

134 689 477 750 Nequidquam
513 688 686 733 multis
722 703 863 750 saepe
899 688 1057 749 petita
1092 685 1263 748 procis.

70 769 207 813 Rura
242 768 377 830 sequi
412 767 678 829 iaculisque
714 767 844 814 feras
879 768 1069 830 agitare
1105 766 1308 822 solebat,

135 848 453 910 Nodosasque
488 863 609 894 cava
643 848 846 894 tendere
882 847 1013 893 valle
1049 846 1230 909 plagas.

508 1012 782 1052 Screech-owls
810 1026 879 1052 are
908 1013 1118 1053 described.

71 1122 199 1168 Sunt
233 1121 406 1167 avidae
441 1122 696 1168 volucres:
745 1139 844 1168 non
879 1139 1002 1184 quae
1039 1123 1249 1169 Phineia
1284 1123 1466 1171 mensis

139 1202 356 1247 Guttura
391 1201 706 1259 fraudabant,
743 1202 828 1248 sed
864 1218 1020 1264 genus
1055 1202 1171 1248 inde
1206 1203 1428 1250 trahunt.

73 1281 269 1327 Grande
303 1286 464 1344 caput,
502 1286 693 1327 stantes
728 1281 872 1339 oculi,
908 1287 1070 1328 rostra
1104 1287 1221 1344 apta
1255 1283 1486 1345 rapinae;

140 1358 357 1404 Canities
393 1358 582 1420 pennis,
619 1358 868 1420 unguibus
903 1358 1076 1405 hamus
1110 1359 1254 1406 inest.

74 1441 231 1486 Nocte
266 1439 453 1496 volant,
491 1454 760 1501 puerosque
796 1443 975 1501 petunt
1009 1440 1221 1487 nutricis
1257 1445 1472 1504 egentes,
1575 1464 1630 1492 113

140 1520 206 1565 Et
241 1519 426 1565 vitiant
460 1519 600 1564 cunis
635 1535 836 1580 corpora
871 1523 1015 1581 rapta
1051 1520 1165 1567 suis.

75 1600 282 1661 Carpere
318 1598 553 1644 dicuntur
589 1598 825 1645 lactentia
860 1599 1048 1646 viscera
1083 1601 1272 1658 rostris,

141 1681 208 1725 Et
242 1679 441 1742 plenum
475 1685 591 1741 poto
627 1680 865 1741 sanguine
899 1685 1077 1742 guttur
1111 1682 1309 1728 habent.

74 1761 166 1807 Est
200 1760 302 1807 illis
338 1760 579 1822 strigibus
614 1775 822 1806 nomen:
871 1761 955 1806 sed
992 1760 1205 1806 nominis
1241 1759 1388 1806 huius

140 1842 314 1897 Causa,
350 1841 480 1903 quod
517 1840 820 1887 horrendum
857 1841 1067 1887 stridere
1102 1846 1246 1887 nocte
1282 1841 1455 1888 solent.

75 1918 187 1963 Sive
223 1916 378 1978 igitur
412 1921 684 1962 nascuntur
718 1932 846 1974 aves,
885 1933 970 1963 seu
1005 1917 1220 1963 carmine
1255 1918 1383 1962 fiunt

142 1996 427 2057 Naeniaque
463 1996 515 2041 in
550 1996 772 2042 volucres
807 1996 934 2042 falsa
968 1997 1149 2058 figurat
1184 2013 1321 2051 anus,

438 2170 547 2219 They
575 2169 754 2208 attached
783 2169 844 2208 the
872 2169 1012 2220 infant
1040 2170 1198 2209 Procas.

79 2276 140 2322 In
175 2275 419 2321 thalamos
453 2292 630 2322 venere
666 2276 848 2322 Procae
865 2292 878 2334 ;
925 2276 1081 2322 Proca
1114 2279 1262 2321 natus
1298 2275 1350 2321 in
1384 2275 1484 2322 illis

145 2355 334 2400 Praeda
369 2371 535 2402 recens
570 2355 737 2401 avium
771 2355 985 2417 quinque
1020 2354 1193 2401 diebus
1226 2360 1364 2413 erat;

79 2434 379 2495 Pectoraque
413 2435 676 2480 exsorbent
709 2434 869 2481 avidis
902 2434 1117 2480 infantia
1152 2434 1351 2496 linguis,
1577 2459 1632 2487 123

146 2512 212 2556 Et
247 2527 367 2573 puer
400 2511 578 2557 infelix
613 2510 753 2572 vagit
787 2527 1020 2572 opemque
1055 2511 1196 2572 petit.

79 2591 274 2637 Territa
306 2606 422 2637 voce
456 2590 532 2636 sui
567 2591 740 2636 nutrix
774 2590 985 2636 accurrit
1021 2590 1222 2644 alumni,
