1788 2980
227 178 288 222 28
724 173 952 220 OVIDII
993 171 1207 219 FASTI.
1576 173 1692 236 [Lm.
1756 125 1788 222 'i

204 283 467 330 Pontifices
499 283 563 328 ab
595 281 732 342 Rege
767 284 946 342 petunt
980 284 1032 326 et
1067 279 1291 326 Flamine
1326 279 1479 339 lanas,

267 363 389 420 Quis
421 360 580 409 veteri
613 360 786 423 lingua
819 359 1007 407 Februa
1042 374 1221 406 nomen
1255 363 1365 407 erat
1385 376 1399 419 3

203 443 432 506 Quaeque
466 441 597 504 capit
631 440 777 487 lictor
812 439 1037 487 domibus
1071 439 1364 503 purgamina
1389 416 1563 498 ἷὲἷῧῖἓ,

268 522 476 569 Torrida
507 537 618 568 cum
651 519 779 567 mica
812 520 962 580 farra,
998 524 1241 567 vocantur
1273 519 1416 566 idem.

139 629 175 658 ας
199 604 393 651 Nomen
427 602 558 649 idem
590 617 741 659 ramo,
776 600 862 663 qui
895 615 1065 647 caesus
1097 600 1161 646 ab
1194 599 1367 646 arbore
1403 616 1524 663 pura

269 684 417 729 Casta
448 683 760 729 sacerdotum
793 686 1016 744 tempora
1050 681 1228 728 fronde
1262 680 1407 743 tegit.

204 763 316 831 Ipse
350 778 439 825 ego
473 761 794 809 Flaminicam
828 765 1110 824 poscentem
1127 759 1311 820 februa
1345 760 1481 807 vidi:

267 842 455 890 Februa
489 842 709 905 poscenti
743 841 888 905 pinea
922 841 1065 904 virga
1099 841 1217 888 data
1251 845 1342 887 est.

203 921 428 985 Denique
460 922 796 985 quodcumque
819 925 912 979 est,
936 937 1032 984 quo
1067 924 1266 984 pectora
1289 924 1460 966 nostra
1495 920 1695 983 piantur

137 1027 175 1056 30
264 1000 376 1048 Hoc
408 1001 539 1065 apud
574 1000 799 1049 intonsos
832 1016 1011 1047 nomen
1045 999 1262 1047 habebat
1297 1015 1431 1047 avos,

202 1080 391 1128 Mensis
424 1082 488 1130 ab
522 1081 601 1128 his
636 1081 812 1140 dictus,
851 1085 985 1127 secta
1018 1080 1134 1143 quia
1169 1080 1296 1143 pelle
1333 1081 1541 1143 Luperci

266 1161 423 1209 Omne
456 1160 615 1208 solum
649 1161 885 1219 lustrant,
922 1159 1069 1223 idque
1103 1159 1299 1223 piamen
1335 1159 1553 1219 habent3

202 1240 309 1285 Aut
342 1238 459 1301 quia
491 1239 699 1302 placatis
733 1242 852 1285 sunt
886 1242 1108 1300 tempora
1142 1253 1265 1300 pura
1301 1237 1551 1299 sepulcris,

265 1319 402 1366 Tunc
436 1335 549 1366 cum
583 1318 762 1366 ferales
797 1317 1094 1381 praeteriere
1130 1316 1249 1364 dies.

137 1426 170 1453 35
197 1400 352 1446 Omne
386 1398 526 1446 nefas
560 1414 848 1462 omnemque
882 1397 1000 1444 mali
1035 1396 1328 1460 purgamina
1363 1412 1562 1442 causam

267 1479 548 1526 Credebant
582 1479 742 1526 nostri
777 1479 954 1525 tollere
988 1492 1129 1540 posse
1166 1492 1319 1524 senes.

474 1660 679 1699 Imtaowes
707 1658 755 1709 qf
771 1657 1044 1709 pumficatory
1072 1656 1273 1706 offerinqs.

200 1785 403 1832 Graecia
437 1782 732 1846 principium
766 1780 915 1828 moris
950 1780 1116 1827 dedit:
1153 1779 1241 1824 illa
1275 1781 1506 1825 nocentes

266 1864 427 1928 Impia
461 1863 701 1910 lustratos
736 1876 915 1924 ponere
948 1860 1082 1907 facta
1116 1863 1280 1923 putat.

199 1944 472 1993 Actoriden
507 1942 700 2000 Peleus,
738 1941 900 2004 ipsum
934 1955 1125 2003 quoque
1160 1938 1309 1985 Pelea
1344 1938 1496 1985 Phoci

133 2052 173 2082 40
263 2025 421 2072 Caede
456 2039 542 2086 per
575 2020 877 2069 Haemonias
914 2019 1065 2067 solvit
1100 2020 1317 2065 Acastus
1350 2034 1515 2080 aquas,

199 2107 408 2152 Vectam
442 2102 652 2150 frenatis
686 2117 771 2165 per
805 2101 951 2147 inane
987 2099 1281 2146 draconibus
1314 2098 1511 2160 Aegeus

267 2184 509 2232 Credulus
543 2182 791 2229 immerita
825 2180 1045 2228 Phasida
1079 2179 1208 2226 fovit
1242 2193 1346 2241 ope.

201 2264 579 2328 Amphiarai'des
614 2262 904 2324 Naupactoo
938 2259 1173 2317 Acheloo,
1753 2297 1788 2338 ζ

266 2345 412 2392 Solve
442 2343 597 2401 nefas,
633 2341 790 2389 dixit:
828 2340 979 2387 solvit
1013 2343 1064 2386 et
1097 2338 1183 2385 ille
1216 2337 1369 2386 nefas.

135 2451 171 2481 ⁴5
189 2426 273 2473 Ah
308 2423 514 2470 nimium
548 2421 735 2480 faciles,
769 2419 854 2483 qui
890 2418 1059 2466 tristia
1093 2417 1299 2465 crimina
1332 2417 1494 2464 caedis

268 2490 525 2552 Fluminea
559 2501 671 2550 tolli
705 2516 845 2566 posse
881 2498 1069 2564 putatis
1104 2498 1261 2560 aqua!
