1788 2980
184 159 274 206 120
675 160 901 207 OVJDJJ
941 162 1152 210 FASTJ.
1522 162 1636 228 [mn.

181 267 287 313 Hoc
312 265 452 313 Celer
476 271 620 329 urget
643 283 778 329 opus,
804 284 945 330 quem
971 269 1210 316 Romulus
1233 270 1336 332 ipse
1361 277 1585 329 vocarat3

244 346 464 408 Sintque,
507 346 662 404 Celer,
703 363 861 405 curae,
904 349 1111 407 dixerat,
1152 349 1250 396 ista
1285 354 1428 396 tuae:

91 441 147 479 765
174 425 311 471 Neve
348 425 457 487 quis
497 431 584 472 aut
623 441 801 483 muros,
839 431 928 473 aut
967 428 1150 475 factam
1188 446 1381 476 vomere
1416 430 1594 477 fossam

241 505 497 557 Transeat,
551 506 813 552 audentem
853 507 975 553 talia
1016 509 1137 555 dede
1176 510 1295 556 neci.

437 689 598 737 Remus,
630 693 936 740 contemptuozw,
970 691 1006 729 is
1032 691 1144 730 slain
1172 691 1220 742 by
1249 693 1370 731 Celer.

173 802 312 859 Quod
353 804 538 851 Remus
577 803 824 866 ignorans,
863 804 1070 850 humiles
1107 809 1417 851 contemnere
1456 822 1618 852 muros

239 883 425 945 Coepit,
462 888 527 940 et,
570 882 669 929 His
708 883 931 947 populus,
976 884 1148 940 dicere,
1190 888 1333 930 tutus
1372 885 1500 931 erit?

173 963 277 1009 Nec
313 980 459 1020 mora,
495 962 766 1010 transiluit.
826 963 989 1009 Rutro
1023 963 1163 1010 Celer
1198 970 1401 1027 occupat
1435 980 1635 1022 ausumJ

87 1068 148 1098 770
238 1042 335 1090 Ille
375 1043 555 1105 premit
596 1043 768 1089 duram
808 1044 1218 1105 sanguinolentus
1256 1045 1471 1094 humum.

173 1121 310 1168 Haec
348 1122 433 1168 ubi
476 1138 561 1168 rex
603 1121 794 1180 didicit,
837 1122 1063 1169 lacrimas
1099 1122 1344 1170 introrsus
1381 1125 1578 1170 obortas

236 1203 459 1249 Devorat
499 1206 549 1248 et
589 1201 809 1248 clausum
846 1207 1040 1264 pectore
1079 1203 1261 1251 vulnus
1297 1205 1455 1252 habet.

185 1281 324 1328 Flere
366 1281 528 1344 palam
569 1297 666 1327 non
705 1281 817 1327 vult
856 1283 1172 1345 exemplaque
1207 1283 1358 1330 fortia
1394 1290 1570 1342 servat,

238 1362 411 1424 Sicque
452 1378 583 1408 meos
621 1377 784 1408 muros
826 1366 1050 1409 transeat
1090 1364 1261 1423 hostis,
1288 1365 1374 1412 ait.

85 1468 141 1496 775
169 1443 271 1488 Dat
306 1446 471 1487 tamen
509 1441 770 1504 exequias:
818 1457 906 1488 nec
945 1442 1043 1488 iam
1080 1445 1372 1507 suspendere
1410 1446 1575 1492 fletum

237 1521 476 1577 Sustinet,
520 1526 570 1567 et
611 1522 769 1583 pietas
810 1522 1120 1568 dissimulata
1157 1528 1294 1585 patet
1313 1541 1325 1583 3

171 1601 443 1661 Osculaque
484 1600 724 1662 applicuit
761 1601 921 1663 posito
962 1618 1188 1664 suprema
1228 1603 1424 1662 feretro,

241 1681 403 1741 Atque
440 1679 525 1738 ait,
567 1680 738 1727 Invito
775 1681 932 1727 frater
971 1682 1210 1744 adempte,
1250 1683 1392 1729 vale!

170 1761 478 1820 Arsurosque
519 1764 658 1806 artus
695 1761 855 1806 unxit.
928 1762 1117 1818 Fecere,
1155 1763 1283 1823 quod
1325 1763 1423 1820 ille,

84 1854 143 1892 780
232 1838 501 1885 Faustulus
538 1844 588 1885 et
627 1845 839 1886 maestas
877 1841 1010 1886 Acca
1046 1841 1208 1887 soluta
1249 1858 1422 1890 comas.

170 1919 295 1964 Tum
333 1919 561 1966 iuvenem
598 1921 817 1966 nondum
857 1920 980 1966 facti
1018 1921 1191 1967 flevere
1232 1921 1448 1977 Quirites
1465 1939 1477 1981 ;

234 1999 430 2046 Ultima
470 1999 662 2063 plorato
700 2001 902 2047 subdita
940 2001 1133 2047 flamma
1170 2019 1287 2065 rogo
1328 2008 1416 2050 est.

170 2080 304 2125 Urbs
346 2079 518 2137 oritur,
563 2079 693 2142 (quis
730 2086 850 2128 tunc
888 2082 977 2129 hoc
1017 2082 1108 2128 ulli
1145 2084 1340 2130 credere
1380 2089 1542 2146 posset
1562 2086 1600 2146 2)

234 2158 488 2205 Victorem
526 2160 674 2206 terris
712 2160 1002 2223 impositura
1039 2163 1224 2224 pedem.

82 2252 138 2291 785
165 2237 355 2284 Cuncta
391 2253 547 2300 regas,
586 2244 636 2285 ct
677 2239 744 2285 sis
780 2256 957 2302 magno
1000 2242 1091 2287 sub
1129 2242 1332 2289 Caesare
1368 2259 1568 2306 semper,

236 2318 387 2381 Saepe
428 2319 579 2366 etiam
616 2320 781 2382 plures
821 2322 1035 2369 nominis
1075 2322 1221 2369 huius
1261 2323 1386 2370 habe
1404 2341 1418 2383 3

171 2397 236 2442 Et
275 2398 502 2459 quotiens
542 2401 740 2446 steteris
781 2401 966 2447 domito
1002 2402 1227 2449 sublimis
1268 2403 1319 2448 in
1359 2405 1489 2463 orbe,

236 2477 411 2529 Omnia
450 2479 552 2530 sint
589 2480 770 2532 umeris
807 2480 1041 2531 inferiora
1079 2482 1193 2531 tuis.

1785 909 1788 965 l
