1788 2980
189 163 245 206 18
421 228 429 234 ξ
684 148 913 209 OVJDH
945 138 1155 209 FASTL
1533 161 1649 225 [Lm.

183 268 329 329 Quae,
369 268 517 315 simul
551 268 796 315 aetherios
829 268 992 314 animo
1027 272 1316 330 conceperat
1350 268 1504 330 igneS,

249 348 344 395 Ore
379 349 530 395 dabat
564 365 681 396 vero
716 349 934 395 carmina
969 349 1114 411 plena
1149 348 1242 395 dei.

92 453 149 480 425
175 428 386 475 Dixerat
419 429 539 476 haec
573 433 692 475 nato
726 433 890 475 motus
924 429 1112 475 instare
1147 428 1352 490 sibique,

246 507 507 571 Multaque
541 513 806 571 praeterea,
844 513 1063 571 tempore
1099 513 1244 554 nacta
1279 508 1433 553 fidem.

180 587 310 633 Nam
344 587 540 653 iuvenis
573 588 781 635 nimium
815 604 932 635 vera
967 605 1078 634 cum
1112 592 1270 634 matre
1304 587 1506 649 fugatus

243 667 444 723 Deserit
478 668 746 715 Arcadiam
781 668 1198 730 Parrhasiumque
1233 668 1398 714 larem.

180 745 272 799 Cui
307 747 535 808 genetrix
570 748 724 806 flenti,
763 749 985 794 Fortuna
1020 747 1251 805 viriliter,
1287 747 1465 808 inquit,

91 850 151 880 430
243 823 411 888 (Siste,
449 843 631 889 precor,
670 824 934 890 lacrimas,)
970 826 1069 873 ista
1103 827 1308 873 ferenda
1342 826 1437 872 tibi
1472 830 1561 872 est.

181 904 259 951 Sic
294 910 401 952 erat
436 906 488 951 in
524 906 659 964 fatis,
696 922 786 953 nec
821 910 872 953 te
908 910 997 952 tua
1031 907 1175 968 culpa
1209 905 1421 968 fugavit,

245 985 339 1031 Sed
376 986 495 1031 deus
513 1004 526 1046 3
560 985 743 1033 offenso
778 986 950 1049 pulsus
985 1002 1036 1032 es
1072 987 1193 1032 urbe
1228 986 1330 1032 deo.

179 1066 294 1112 Non
329 1066 496 1112 meriti
531 1082 736 1129 poenam
771 1065 970 1129 pateris,
1007 1067 1092 1113 sed
1127 1065 1346 1112 numinis
1380 1066 1536 1126 iram,-

246 1146 337 1192 Est
371 1146 560 1209 aliquid
595 1147 790 1210 magnis
825 1147 1010 1194 crimen
1044 1148 1215 1194 abesse
1250 1146 1407 1194 malis.

85 1251 148 1282 435
175 1225 381 1272 Conscia
416 1242 554 1274 mens
589 1231 647 1273 ut
680 1227 857 1289 cuique
892 1243 981 1274 sua
1014 1231 1103 1285 est,
1141 1226 1215 1273 ita
1249 1226 1463 1289 concipit
1497 1226 1630 1272 intra>-

243 1306 450 1353 Pectora
484 1324 571 1370 pro
604 1307 738 1355 facto
773 1323 1001 1370 spemque
1035 1311 1316 1369 metumque
1352 1324 1452 1354 suo.

177 1387 227 1432 N
229 1402 281 1433 ec
315 1391 482 1434 tamen
517 1392 574 1434 ut
610 1387 799 1450 primus
833 1403 995 1435 maere
1028 1387 1158 1434 mala
1191 1387 1315 1434 talia
1349 1403 1554 1450 passus3

243 1467 426 1514 Obruit
459 1455 689 1530 ingentes
723 1468 823 1515 ista
857 1468 1070 1530 procella
1104 1468 1250 1516 viros.

156 1547 337 1594 Passus
371 1548 502 1594 idem
537 1553 614 1595 est
648 1548 813 1610 Tyriis
848 1549 934 1611 qui
968 1549 1215 1611 quondam
1251 1548 1422 1611 pulsus
1457 1550 1518 1594 ab
1554 1538 1676 1595 orisv

90 1653 147 1680 ⁴40
239 1627 452 1674 Cadmus
487 1627 540 1673 in
574 1628 739 1674 Aonia
773 1628 1003 1675 constitit
1037 1629 1153 1675 exul
1188 1629 1350 1675 humo.

177 1706 360 1753 Passus
395 1706 525 1753 idem
559 1707 770 1768 Tydeus,
809 1712 860 1754 et
895 1707 1025 1754 idem
1061 1708 1340 1769 Pagasaeus
1375 1708 1536 1765 Iason,

243 1786 310 1831 Et
345 1802 465 1847 quos
500 1791 754 1849 praeterea
789 1787 937 1849 longa
970 1787 1154 1834 referre
1189 1804 1324 1834 mora
1358 1792 1447 1834 est.

177 1865 331 1911 Omne
367 1865 525 1911 solum
559 1866 681 1912 forti
716 1866 880 1928 patria
914 1871 1005 1925 est,
1042 1871 1100 1913 ut
1135 1867 1352 1929 piscibus
1385 1883 1582 1929 aequor,

240 1946 315 1991 Ut
350 1945 538 1992 volucri
574 1963 728 1993 vacuo
762 1946 1001 2009 quidquid
1037 1948 1090 1993 in
1126 1949 1242 1994 orbe
1277 1952 1429 2010 patet.

86 2049 142 2079 445
168 2025 274 2071 Nec
309 2025 415 2072 fera
449 2030 717 2089 tempestas
752 2031 859 2074 toto
895 2032 1061 2074 tamen
1098 2029 1267 2075 horret
1301 2028 1354 2074 in
1389 2044 1531 2087 anno,

241 2106 307 2152 Et
341 2106 449 2165 tibi,
488 2107 628 2153 crede
663 2108 800 2165 mihi,
839 2112 1060 2171 tempora
1095 2109 1226 2155 veris
1261 2114 1421 2156 erunt.

336 2253 446 2303 They
473 2255 610 2293 arrive
639 2255 686 2293 in
714 2255 827 2304 Italy
854 2258 898 2294 at
926 2256 989 2321 ίξιε
1017 2257 1157 2295 ‘mouth
1185 2258 1231 2307 of
1253 2258 1314 2296 the
1349 2258 1479 2297 Tiber.

174 2353 393 2400 Vocibus
429 2354 660 2410 Evander
695 2356 890 2402 firmata
925 2362 1089 2403 mente
1124 2358 1345 2420 parentis

235 2432 378 2479 Nave
414 2438 547 2479 secat
581 2435 772 2494 fluctus,
809 2435 1196 2499 Hesperiamque
1230 2441 1382 2484 tenet.

171 2510 374 2573 Iamque
408 2516 566 2559 ratem
601 2515 772 2561 doctae
806 2515 999 2563 monitu
1033 2516 1311 2564 Carmentis
1345 2517 1397 2563 in
1433 2535 1620 2565 amnem

80 2614 143 2645 450
233 2589 433 2652 Egerat,
470 2595 520 2638 et
554 2592 725 2640 Tuscis
760 2594 935 2641 obvius
966 2593 1076 2641 ibat
1110 2596 1263 2658 aquis-
