1788 2980
50 166 148 233 m]
647 165 738 210 MA
748 164 900 212 RCH.
1446 162 1507 208 73

48 276 246 321 Interea
279 273 425 319 Liber
460 272 658 334 depexis
692 271 910 318 crinibus
943 272 1096 318 Indos

115 353 301 410 Vincit,
338 357 388 399 et
423 353 523 398 Eoo
560 351 697 398 dives
731 351 794 396 ab
829 352 945 398 orbe
978 351 1122 398 redit.

50 433 190 478 Inter
224 431 444 493 captivas
478 430 604 476 facie
639 434 921 491 praestante
956 429 1143 492 puellas
1540 451 1595 481 ⁴53

115 512 266 558 Grata
300 509 448 556 nimis
482 509 674 554 Baccho
709 508 812 554 filia
846 509 976 571 regis
1010 512 1130 555 erat.

3 600 5 657 g
52 591 225 637 Flebat
259 605 428 635 amans
462 587 676 634 coniunx
711 588 1020 650 spatiataque
1055 587 1200 634 litore
1236 603 1384 634 curvo

0 719 2 724 ¹
82 674 83 678 ’
115 668 287 714 Edidit
319 667 522 714 incultis
557 666 678 712 talia
711 667 861 713 verba
894 666 1072 713 comis:

52 749 127 794 En
162 748 356 804 iterum,
393 747 585 803 fluctus,
622 745 806 792 similes
841 746 1010 792 audite
1045 746 1315 808 querellas!

117 828 192 872 En
226 826 406 872 iterum
441 825 668 871 lacrimas
702 825 877 887 accipe,
913 841 1076 884 arena,
1111 827 1272 872 measl
1543 840 1601 878 460

51 906 298 960 Dicebam,
335 904 550 962 memini,
586 904 778 966 periure
812 909 863 950 et
897 904 1078 967 perfide
1111 905 1333 952 Theseu!

116 985 212 1031 Ille
245 983 403 1030 abiit:
439 984 607 1029 eadem
641 983 847 1029 crimina
881 984 1103 1030 Bacchus
1136 984 1301 1031 habet.

7 1047 11 1053 ’
50 1064 195 1110 Nunc
228 1078 431 1125 quoque,
453 1062 591 1107 nulla
624 1062 745 1122 viro,
783 1063 1016 1121 clamabo,
1051 1063 1236 1110 femina
1268 1063 1468 1110 credat:

115 1141 327 1188 Nomine
361 1146 552 1205 mutato
587 1158 732 1188 causa
767 1142 924 1188 relata
957 1158 1064 1188 mea
1099 1148 1187 1191 est.

51 1221 91 1268 Ο
126 1221 316 1268 utinam
349 1237 456 1267 mea
491 1237 608 1278 som,
644 1238 739 1283 qua
775 1221 988 1283 primum
1021 1227 1258 1284 coeperat,
1294 1208 1430 1281 isset,
1548 1244 1601 1276 ⁴05

115 1301 316 1362 Iamque
350 1316 438 1362 ego
473 1300 718 1363 praesenti
753 1305 970 1363 tempore
1006 1302 1146 1347 nulla
1180 1302 1366 1350 forem!

51 1379 177 1435 Quid
213 1396 288 1426 me
324 1379 532 1426 desertis
567 1380 852 1442 perituram,
889 1380 1053 1438 Liber,
1089 1382 1252 1428 arenis

116 1460 390 1505 Servaba82
438 1459 578 1521 potui
614 1459 889 1506 dedoluisse
924 1460 1085 1508 semel.

52 1538 239 1584 Bacche
275 1538 412 1596 levis,
450 1538 699 1600 leviorque
733 1539 850 1597 tuis,
887 1556 1011 1601 quae
1046 1544 1266 1603 tempora
1300 1542 1520 1605 cingunt,

118 1617 409 1675 Frondibus,
445 1617 498 1662 in
533 1617 760 1664 lacrimas
794 1619 990 1681 cognite
1025 1620 1215 1667 Bacche
1251 1638 1396 1680 meas,
1546 1649 1604 1678 ⁴70

54 1696 198 1741 Heu!
245 1695 332 1740 ubi
366 1700 508 1757 pacta
542 1696 693 1743 fides?
741 1696 841 1755 ubi,
878 1713 1001 1759 quae
1036 1698 1198 1746 iurare
1235 1701 1456 1749 solebas?

91 1775 201 1820 rMe
235 1774 477 1832 miseram,
513 1775 740 1837 quotiens
776 1777 893 1823 haec
929 1793 1017 1840 ego
1051 1780 1202 1825 verba
1237 1780 1436 1842 loquor!

51 1855 236 1901 Thesea
270 1854 516 1916 culpabas,
554 1855 877 1918 fallacemque
912 1857 1016 1920 ipse
1051 1861 1286 1907 vocabas:

118 1933 308 1980 Iudicio
344 1949 512 1996 peccas
547 1936 744 1998 turpius
779 1937 883 1999 ipse
919 1943 1021 1986 tuo.

52 2012 129 2058 Ne
164 2013 286 2058 sciat
307 2013 411 2059 ·hoc
444 2013 716 2075 quisquam,
753 2016 1020 2079 tacitisque
1057 2018 1307 2067 doloribus
1342 2038 1469 2080 urar,
1548 2049 1603 2079 ⁴7!

115 2093 192 2140 Ne
228 2093 414 2141 totiens
447 2094 559 2141 falli
595 2096 746 2158 digna
780 2097 934 2145 fuisse
971 2103 1130 2161 puter.

50 2174 317 2237 Praecipue
351 2177 545 2239 cupiam
580 2177 731 2224 celari
767 2179 969 2237 Thesea,
1008 2197 1071 2228 ne
1107 2186 1173 2244 te·

116 2255 406 2305 Oonsortem
440 2258 610 2321 culpae
646 2260 863 2322 gaudeat
900 2277 1005 2309 esse
1043 2279 1169 2310 suae.

50 2335 254 2395 Bacche,
290 2338 437 2385 fidem
472 2345 683 2402 praesta,
722 2358 811 2388 nec
847 2343 1041 2405 praefer
1076 2345 1326 2394 amoribus
1351 2347 1503 2394 ullam

117 2416 386 2479 Coniugis3
427 2421 622 2468 assuevi
658 2438 850 2485 semper
883 2441 1050 2471 amare
1085 2426 1260 2474 virum.
1540 2443 1601 2481 482

51 2497 128 2544 Ne
175 2504 366 2558 noceat,
413 2502 542 2562 quod
587 2518 729 2550 amo:
777 2520 935 2566 neque
982 2506 1116 2553 enim
1164 2507 1274 2568 tibi,
1323 2510 1527 2566 Bacche,

248 2580 456 2626 nocebat
