1788 2980
220 181 279 229 78
714 182 942 230 OVJDJJ
981 181 1194 228 FASTJ.
1565 180 1680 246 [ma.

220 291 350 335 Dum
386 305 546 336 secum
584 290 793 345 Aenea-³,
832 290 983 334 Anna
1019 290 1123 334 est!
1175 289 1415 334 exclamat
1452 289 1684 335 Achates.

284 370 366 414 Ad
402 385 578 415 nomen
615 370 785 415 vultus
820 369 1027 415 sustulit
1061 369 1149 414 illa
1183 385 1308 415 suos
1606 412 1609 413 ⁷

220 449 324 503 Quo
348 448 545 512 fugiat?
585 449 703 511 quid
739 450 885 511 agat?
922 466 1044 511 quos
1068 454 1229 496 terrae
1253 453 1456 511 quaerat
1488 449 1686 496 hiatus?

134 553 193 585 ⁵90
281 529 418 574 Ante
454 529 618 575 oculos
653 529 858 575 miserae
894 528 1002 574 fata
1037 529 1215 575 sororis
1251 534 1408 575 erant.

221 608 386 654 Sensit
422 612 472 654 et
505 608 777 670 alloquitur
810 608 1055 671 trepidam
1092 608 1382 669 Cythereius
1419 609 1591 654 heros:

288 688 401 734 Flet
436 693 601 734 tamen
637 687 893 734 admonitu
928 693 1106 746 motus,
1145 688 1319 745 Elissa,
1357 688 1446 734 tui.

222 768 385 825 Anna,
411 784 496 830 per
531 768 656 814 hanc
691 768 813 826 iuro,
839 784 986 831 quam
1020 769 1264 830 quondam
1299 769 1469 815 audire
1504 769 1690 816 solebas

288 848 535 894 Tellurem
569 848 674 894 fato
711 848 1013 911 prosperiore
1049 848 1170 905 dari,

137 951 193 982 595
220 927 409 988 Perque
445 928 556 973 deos
592 928 808 986 comites,
847 929 935 974 hac
971 944 1126 991 nuper
1152 929 1272 975 ‚sede
1310 929 1507 986 locatos,

291 1007 440 1069 Saepe
476 1023 607 1053 meas
642 1008 754 1053 illos
790 1008 1088 1070 increpuisse
1122 1025 1298 1055 moras.

224 1088 273 1133 N
277 1104 328 1133 ec
364 1087 510 1133 timui
547 1088 604 1134 de
641 1093 799 1134 morte
834 1093 1031 1135 tamen:
1080 1094 1240 1135 metus
1274 1089 1438 1135 abfuit
1473 1089 1582 1136 iste.

291 1167 391 1213 Hei
427 1168 574 1213 mihi!
618 1168 842 1214 credibili
877 1168 1056 1215 fortior
1089 1169 1178 1215 illa
1213 1169 1326 1216 fuit.

225 1247 303 1293 Ne
338 1246 480 1294 refer.
553 1247 742 1309 Aspexi
777 1263 875 1293 non
911 1247 999 1294 illo
1034 1254 1229 1310 pectore
1265 1249 1414 1310 digna

139 1346 197 1373 000
286 1326 527 1384 Vulnera,
564 1327 823 1373 Tartareas
859 1344 1006 1374 ausus
1041 1329 1176 1375 adire
1213 1329 1393 1375 domos.

225 1408 299 1452 At
333 1413 405 1466 tu,
441 1424 525 1454 seu
560 1408 687 1454 ratio
722 1413 773 1454 te
807 1409 990 1455 nostris
1025 1409 1218 1472 appulit
1252 1409 1364 1466 oris,

295 1487 407 1533 Sive
445 1488 577 1545 deus,
615 1487 754 1549 regni
789 1489 1040 1534 commoda
1073 1505 1215 1551 carpe
1251 1489 1360 1535 mei.

229 1567 395 1612 Multa
431 1567 525 1612 tibi
562 1583 807 1623 memores,
846 1567 919 1613 nil
955 1584 1053 1614 non
1090 1568 1320 1614 debemus
1358 1568 1560 1615 Elissae.

294 1647 507 1692 Nomine
543 1651 685 1708 grata
719 1651 822 1704 tuo,
859 1651 1002 1708 grata
1038 1648 1231 1705 sororis,
1269 1648 1378 1694 eris.

133 1744 192 1781 605
223 1725 364 1772 Talia
399 1726 598 1784 dicenti,
640 1724 820 1788 (neque
856 1726 986 1773 enim
1021 1743 1129 1789 spes
1163 1728 1320 1773 altera
1354 1726 1546 1789 restat‚)

297 1805 535 1863 Credidit,
573 1820 758 1851 errores
794 1806 1114 1868 exposuitque
1149 1823 1275 1853 suos.

415 1946 596 1984 Lavinia,
625 1946 661 1983 is
684 1945 856 1995 jcalous,
889 1945 974 1983 aud
1003 1945 1132 1983 Awna
1159 1945 1319 1983 droums
1347 1944 1507 1994 herself.

234 2042 401 2101 thue
437 2041 633 2085 domum
668 2039 878 2085 intravit
912 2039 1086 2101 Tyrios
1120 2040 1297 2086 induta.
1332 2043 1546 2100 paratus,

299 2119 485 2180 Incipit
520 2120 745 2165 Aeneas:
794 2119 979 2178 (cetera
1013 2120 1161 2165 turba
1196 2119 1310 2165 silet
1330 2119 1364 2181 z)

234 2200 378 2245 Hanc
414 2199 509 2244 tibi
549 2216 635 2245 cur
669 2199 878 2256 tradam,
916 2198 996 2260 pia
1030 2215 1190 2256 causa,
1229 2198 1437 2244 Lavinia
1469 2197 1685 2244 coniunx

146 2297 207 2327 610
296 2280 388 2325 Est
425 2279 576 2324 mihi:
623 2278 901 2340 consumpsi
940 2279 1210 2340 naufragus
1247 2278 1393 2324 huius
1434 2293 1562 2340 opes.

237 2359 359 2405 Orta
397 2359 527 2419 Tyro
566 2362 669 2416 est3
711 2374 917 2419 regnum
958 2358 1142 2419 Libyca
1181 2357 1398 2420 possedit
1434 2357 1486 2402 in
1523 2372 1634 2402 ora:

301 2438 456 2492 Quam
497 2453 663 2498 precor
703 2442 759 2482 ut
796 2453 932 2482 carae
972 2453 1105 2483 111010
1142 2436 1321 2483 sororis
1360 2453 1506 2483 ames.

239 2516 413 2562 Omnia
450 2516 697 2577 promittit
749 2516 1024 2577 falsumque
1066 2516 1274 2562 Lavinia
1313 2516 1494 2562 vulnus

305 2595 474 2640 Mente
514 2595 692 2656 premit
732 2595 899 2654 tacita,
944 2595 1316 2657 dissimulatque
1357 2600 1530 2642 metus.
