1788 2980
0 162 1 176 η
32 131 112 202 ιι]
577 137 953 188 FEBRUARY.
1440 141 1498 190 29

163 266 398 305 Alteration
423 267 472 305 in
500 266 562 306 the
589 266 706 306 order
733 267 780 317 of
801 267 999 317 January
1026 244 1112 306 aad
1138 267 1362 318 February.

31 362 125 410 Sed
159 365 342 421 tamen,
378 361 575 426 antiqui
609 379 671 411 ne
706 363 899 410 nescius
933 362 1122 410 ordinis
1156 379 1304 423 erres,

97 442 309 500 Primus,
345 446 404 489 ut
437 446 531 501 est,
567 441 681 489 Iani
715 442 900 489 mensis
934 447 986 490 et
1019 447 1137 490 ante
1173 442 1285 491 fuit.

30 523 124 580 Qui
158 522 381 586 sequitur
414 523 593 569 Ianum
626 522 812 571 veteris
845 523 945 569 fuit
981 522 1187 570 ultimus
1221 523 1372 582 anni,

94 603 170 649 Tu
204 618 393 665 quoque
428 618 691 661 sacrorum,
727 602 970 660 Termine,
1006 601 1119 648 finis
1153 618 1274 649 eras.

32 683 227 730 Primus
261 682 392 730 enim
426 683 538 729 Iani
573 682 770 740 mensis,
805 682 921 746 quia
956 682 1104 728 ianua
1138 682 1296 744 prima
1330 687 1440 741 est,

97 762 191 818 Qui
228 778 363 809 sacer
396 766 474 809 est
507 761 620 809 imis
655 762 901 820 Manibus,
938 761 1067 808 imus
1101 766 1223 810 erat.

32 842 299 889 Postmodo
333 842 607 889 creduntur
641 841 803 905 spatio
838 840 1081 889 distantia
1116 841 1262 903 longo

96 922 335 986 Tempora
368 921 445 974 bis
478 921 616 985 quini
649 921 964 971 continuasse
998 920 1109 969 viri.

34 1060 241 1110 February
272 1061 341 1109 lst,
375 1059 474 1099 Kal.
508 1059 745 1099 Feb-Tha
778 1059 938 1110 Temple
965 1059 1013 1109 of
1033 1059 1146 1099 Juno
1175 1059 1346 1108 Sospita.
1408 1059 1495 1097 Au-

421 1116 564 1164 9ustus
591 1113 653 1153 tha
681 1116 849 1152 restorer
879 1113 926 1163 os
948 1112 1120 1163 temple&

34 1209 282 1272 Principio
317 1210 498 1256 mensis
534 1209 786 1272 Phrygiae
821 1208 1127 1256 contermina
1163 1208 1317 1254 Matri

99 1289 295 1352 Sospita
331 1289 553 1336 delubris
588 1289 773 1337 dicitur
806 1293 954 1336 aucta
988 1287 1145 1336 noviS.

36 1370 180 1415 Nunc
214 1368 300 1415 ubi
336 1368 439 1416 sint
473 1368 588 1428 illis,
625 1369 834 1431 quaeris,
872 1372 1065 1416 sacrata
1101 1367 1346 1414 Kalendis

6 1439 10 1441 ⁸
100 1449 303 1513 Templa
340 1450 494 1497 deae?
531 1450 680 1513 longa
714 1450 1014 1513 procubuere
1048 1449 1143 1497 die.

37 1530 242 1577 Caetera
276 1546 337 1577 ne
372 1530 523 1578 simili
556 1530 790 1577 caderent
824 1528 1072 1577 labefacta
1107 1528 1267 1587 ruina,

103 1612 250 1660 Cavit
286 1612 468 1660 sacrati
504 1612 711 1676 provida
744 1628 862 1660 cura
897 1611 1051 1670 ducis,

38 1695 139 1741 Sub
172 1711 268 1757 quo
304 1695 524 1742 delubris
559 1694 778 1742 sentitur
811 1694 952 1740 nulla
987 1698 1245 1741 senectus:

106 1774 211 1822 Nec
245 1774 368 1822 satis
402 1779 480 1822 est
515 1775 752 1833 homines,
789 1774 979 1837 obligat
1013 1773 1099 1821 ille
1135 1774 1264 1821 deos.

39 1853 349 1915 Templorum
385 1852 586 1915 positor,
621 1851 917 1915 templorum
952 1855 1122 1898 sancte
1155 1855 1390 1913 repostor,

106 1932 184 1979 Sit
218 1931 408 1995 superis
442 1937 558 1995 opto
593 1935 768 1978 mutua
802 1948 920 1978 cura
954 1930 1044 1979 tui.
1120 1946 1194 1952 -,.„‚
1218 1947 1304 1951 -
1358 1947 1362 1949 ·
1428 1943 1431 1946 ·

41 2015 176 2061 Dent
209 2012 306 2060 tibi
338 2012 587 2071 caelestes,
623 2028 745 2075 quos
776 2016 835 2060 tu
869 2011 1178 2070 caelestibus,
1213 2027 1383 2069 annos,

107 2095 300 2157 Proque
334 2098 424 2140 tua
458 2096 691 2139 maneant
725 2092 778 2138 in
815 2092 1029 2140 statione
1066 2086 1220 2139 domo.

40 2175 166 2222 Tum
199 2190 387 2237 quoque
423 2173 573 2221 vicini
607 2173 746 2220 lucus
780 2172 1059 2220 celebratur
1093 2172 1319 2230 Helerni,

108 2254 215 2311 Qua
249 2254 377 2317 petit
410 2269 673 2316 aequoreas
708 2252 900 2300 advena
934 2252 1099 2299 Tibris
1133 2240 1298 2314 aquas.

43 2335 125 2382 Ad
160 2334 411 2397 penetrale
445 2334 655 2391 Numae,
692 2332 1123 2396 Capitolinumque
1157 2332 1446 2390 Tonantem,

109 2414 267 2476 Inque
301 2413 438 2461 Iovis
473 2429 662 2460 summa
695 2412 920 2459 caeditur
953 2427 1062 2458 arce
1097 2410 1284 2459 bidens.
1332 2440 1394 2448 ψ·-

43 2493 197 2557 Saepe
231 2509 407 2557 graves
442 2493 635 2556 pluvias
669 2493 935 2555 adopertus
974 2491 1191 2539 nubibus
1227 2492 1416 2539 Auster

112 2573 356 2633 Concitat,
392 2578 481 2621 aut
515 2573 676 2636 posita
712 2573 803 2620 sub
841 2571 955 2620 nive
989 2576 1124 2619 terra
1157 2572 1296 2620 latet.
