1788 2980
259 138 346 182 122
749 136 979 181 OVJDH
1020 135 1229 181 FASTI.
1599 138 1714 197 [mn.

255 244 463 289 Hostica
500 244 754 304 Tyrrheno
794 248 909 288 vota
946 246 1022 288 est
1060 242 1308 288 vindemia
1345 242 1478 303 regi3

321 323 560 385 Iuppiter,
602 338 627 368 e
668 322 812 368 Latio
851 322 1054 384 palmite
1091 326 1255 367 musta
1295 321 1440 367 feres.

168 419 224 456 815
250 404 385 448 Vota
424 402 591 448 valent
628 402 859 448 meliora:
907 401 1040 447 cadit
1078 401 1356 447 Mezentius
1393 401 1583 463 ingens,

320 483 487 544 Atque
523 481 807 544 indignanti
846 486 1042 543 pectore
1081 481 1273 543 plangit
1315 482 1530 527 humum.

255 563 476 607 Venerat
513 566 794 619 autumnus,
833 561 1034 607 calcatis
1076 562 1300 607 sordidus
1339 560 1449 606 uvis
1466 577 1478 619 ;

321 642 620 687 Redduntur
658 641 834 686 merito
873 640 1040 686 debita
1077 640 1193 686 vina
1236 640 1361 686 Iovi.

255 721 402 766 Dicta
433 721 536 767 dies
573 721 687 767 hinc
724 726 799 767 est
834 720 1049 767 Vinalia.
1125 714 1350 782 Iuppiter
1389 720 1524 766 illam

168 817 228 846 820
317 801 570 858 Vindicat,
613 805 663 847 et
704 800 845 847 festis
882 800 1064 862 gaudet
1102 800 1259 846 inesse
1296 800 1407 846 suis.

248 965 376 1014 April
405 965 511 1013 25th,
545 966 631 1006 md.
665 967 762 1006 VII.
787 967 884 1005 Kal.
921 967 1210 1007 Mai.—-Ar1'es
1237 971 1323 1015 sets,
1358 968 1431 1017 [αη
1460 967 1598 1016 error}
1649 967 1723 1005 The

680 1020 855 1058 Fescivaz
882 1021 929 1070 of
953 1021 1110 1070 Robiqo,
1144 1021 1296 1070 Blith.

256 1119 350 1165 Sex
388 1119 486 1176 ubi,
529 1136 652 1181 quae
687 1125 894 1178 restant,
934 1121 1065 1167 luces
1102 1121 1293 1183 Aprilis
1331 1121 1546 1177 habebit,

324 1199 385 1244 In
426 1199 585 1246 medio
625 1217 768 1246 cursu
808 1205 1028 1262 tempora
1067 1201 1196 1247 veris
1235 1205 1395 1257 erunt,

260 1279 324 1323 Et
364 1279 552 1325 frustra
593 1280 826 1341 pecudem
863 1296 1065 1341 quaeres
1105 1280 1495 1325 Athamantidos
1535 1279 1723 1335 Helles,

323 1358 568 1420 Signaque
607 1359 730 1404 dant
769 1359 965 1417 imbres,
1009 1359 1324 1421 exoriturque
1363 1359 1523 1406 Canis.

170 1456 227 1491 ⁸25
254 1438 362 1483 Hac
402 1439 523 1484 mihi
561 1439 810 1485 Nomento
851 1440 1058 1485 Romam
1094 1456 1203 1485 cum
1240 1439 1346 1486 luce
1387 1439 1610 1495 redirem,

325 1517 537 1563 Obstitit
573 1517 624 1562 in
663 1517 823 1563 media
862 1518 1072 1565 candida
1112 1535 1286 1581 pompa
1323 1519 1418 1564 via.

262 1596 460 1641 Flamen
502 1596 553 1641 in
594 1597 826 1658 antiquae
867 1597 1027 1644 lucum
1068 1598 1330 1660 Robiginis
1367 1598 1487 1654 ibat,

326 1678 455 1723 Exta
493 1678 627 1724 canis
666 1678 882 1735 fiammis,
927 1682 1042 1724 exta
1083 1679 1289 1724 daturus
1325 1678 1444 1723 ovis.

260 1757 494 1803 Protinus
531 1758 723 1813 accessi,
765 1757 892 1804 ritus
930 1774 990 1804 ne
1032 1757 1221 1804 nescius
1259 1773 1424 1803 essem.

170 1853 230 1891 830
321 1836 492 1882 Edidit
531 1837 646 1882 haec
686 1837 886 1883 Flamen
924 1838 1087 1894 verba,
1125 1837 1341 1894 Quirine,
1381 1841 1528 1883 tuus:

258 1917 448 1977 Aspera
483 1916 690 1977 Robigo,
731 1932 900 1978 parcas
942 1917 1226 1963 Cerealibus
1267 1916 1445 1973 herbis,

325 1996 390 2040 Et
428 2000 610 2040 tremat
650 1995 703 2041 in
741 2012 929 2041 summa
970 1996 1076 2042 leve
1118 2012 1345 2042 cacumen
1385 1996 1544 2041 humo.

258 2075 331 2120 Tu
372 2080 480 2121 sata
516 2075 759 2121 sideribus
798 2076 917 2121 caeli
955 2076 1150 2122 nutrita
1186 2076 1410 2122 secundis

326 2155 564 2212 Crescere,
607 2155 723 2200 dum
761 2156 881 2200 fiant
918 2155 1129 2201 falcibus
1167 2160 1297 2217 apta,
1336 2155 1480 2202 sinas.

170 2251 227 2288 835
255 2235 346 2281 Vis
386 2240 474 2280 tua
511 2251 609 2280 non
646 2235 768 2281 levis
809 2240 899 2282 est.
969 2235 1101 2290 Quae
1139 2239 1195 2281 tu
1233 2235 1482 2282 frumenta
1520 2237 1719 2290 notasti,

325 2316 547 2361 Maestus
586 2316 637 2360 in
677 2315 870 2361 amissis
911 2315 999 2360 illa
1039 2315 1238 2361 colonus
1275 2316 1437 2363 habet.

258 2395 362 2440 Nec
398 2395 536 2440 venti
577 2400 774 2440 tantum
813 2394 977 2441 Cereri
1017 2410 1236 2451 nocuere,
1277 2410 1363 2440 nec
1404 2395 1599 2452 imbres,

324 2477 428 2522 Nec
469 2476 537 2522 sic
574 2492 842 2522 marmoreo
883 2475 1036 2536 pallet
1074 2475 1253 2520 adusta
1299 2474 1428 2535 gelu,
1498 2486 1503 2490 ·

257 2557 520 2612 Quantum,
561 2555 601 2601 si
640 2555 825 2600 culmos
860 2555 1009 2599 Titan
1050 2553 1301 2598 incalfacit
1341 2554 1491 2600 udos:

1746 48 1767 158 ’ἰ
