1788 2980
259 163 321 209 68
755 161 984 209 OVIDII
1022 161 1234 208 FASTJ.
1603 161 1722 222 [uz.

323 270 432 315 Hoc
467 284 671 331 quoque,
708 269 836 330 quod
872 268 1076 330 petitur,
1114 268 1155 314 si
1190 268 1272 330 pia
1305 268 1475 331 lingua
1508 273 1664 331 rogat.

180 373 227 402 225
253 348 451 394 Annuit
485 347 681 394 oranti:
728 348 813 394 sed
847 363 1020 394 verum
1054 348 1258 409 ambage
1293 352 1480 394 remota

323 426 554 484 Abdidit,
591 430 642 472 et
678 426 828 472 dubio
863 426 1048 471 terruit
1082 442 1164 472 ore
1197 426 1373 476 virum.

259 508 416 553 Caede
451 511 613 568 caput,
649 507 790 553 dixit.
863 506 954 553 Oui
989 522 1091 564 rex,
1128 507 1434 565 Parebimus,
1470 507 1660 569 inquit:

326 588 584 634 Caedenda
618 591 694 633 est
729 587 888 633 hortis
922 592 1065 633 eruta
1099 604 1216 650 cepa
1250 587 1384 634 meis.

258 667 475 713 Addidit
510 667 604 725 hic,
641 667 886 713 Hominis.
963 668 1148 724 Sumes,
1186 668 1258 713 ait
1293 667 1392 725 ille,
1428 668 1643 729 capillos.

176 773 233 802 330
322 747 555 792 Postulat
589 747 669 793 hic
703 747 932 792 animam.
1006 747 1097 792 Cui
1132 747 1312 804 Numa,
1350 747 1520 804 Piscis,
1558 747 1643 795 ait.

262 827 412 885 Risit,
449 832 512 885 et,
551 827 664 885 His,
701 826 879 889 inquit,
910 826 1061 872 facito
1095 843 1203 872 mea
1238 827 1339 872 tela
1373 844 1613 889 procures,

327 907 368 953 O
402 907 481 953 vir
515 907 755 968 colloquio
791 923 890 953 non
925 907 1170 968 abigende
1205 907 1363 953 deum.

261 987 355 1033 Sed
390 987 502 1045 tibi,
539 986 803 1049 protulerit
838 1004 948 1033 cum
983 991 1146 1032 totum
1180 986 1428 1033 crastinus
1462 987 1624 1033 orbem

329 1066 587 1128 Cynthius,
624 1066 817 1129 imperii
852 1067 1058 1129 pignora
1093 1071 1227 1113 certa
1262 1067 1398 1113 dabo.

177 1173 233 1202 335
258 1147 417 1204 Dixit,
455 1151 505 1192 et
540 1146 733 1208 ingenti
767 1146 960 1193 tonitru
996 1163 1141 1209 super
1180 1147 1381 1193 aethera
1413 1151 1599 1193 motum

329 1228 523 1283 Fertur,
560 1227 848 1272 adorantem
883 1226 1212 1287 destituitque
1247 1226 1476 1273 Numam.

263 1307 358 1352 Ille
391 1306 522 1352 redit
556 1306 732 1363 laetus,
768 1310 1101 1368 memoratque
1137 1305 1416 1362 Quiritibus
1451 1310 1575 1353 acta.

329 1388 489 1433 Tarda
525 1387 665 1433 venit
701 1387 847 1433 dictis
883 1386 1188 1449 difficilisque
1222 1387 1355 1433 fides.

284 1538 363 1576 The
397 1539 568 1577 “ancile
582 1537 604 1553 ’'
626 1538 737 1587 falls
743 1538 862 1588 from
890 1538 1051 1585 heaven,
1085 1550 1132 1575 as
1160 1550 1186 1576 a
1211 1537 1348 1588 pledqe
1366 1538 1484 1588 from
1512 1539 1685 1588 Jupiter.

264 1633 338 1677 At
371 1636 502 1678 certe
537 1633 804 1690 credemur,
829 1631 916 1689 ait,
954 1632 995 1678 si
1030 1632 1182 1678 verba
1217 1637 1449 1693 sequetur

178 1736 238 1767 340
327 1711 521 1758 Exitus.
593 1712 684 1769 En,
722 1712 837 1757 audi
877 1711 1107 1768 crastina,
1143 1710 1363 1773 quisquis
1403 1712 1534 1759 ades,

266 1791 542 1838 Protulerit
576 1791 724 1837 terris
759 1807 869 1836 cum
904 1795 1067 1837 totum
1103 1789 1348 1852 Cynthius
1383 1790 1564 1849 orbem,

332 1871 559 1934 Iuppiter
592 1871 786 1933 imperii
821 1871 1028 1934 pignora
1061 1875 1196 1918 certa
1231 1871 1385 1918 dabit.

266 1951 542 1997 Discedunt
578 1949 730 2007 dubii,
768 1951 1097 2013 promissaque
1130 1951 1275 1997 tarda
1308 1950 1553 2008 videntur,

332 2030 685 2092 Dependetque
720 2031 838 2076 fides
873 2048 902 2076 a
937 2031 1168 2078 veniente
1204 2031 1296 2078 die.

182 2136 238 2166 345
264 2110 434 2156 Mollis
469 2115 576 2157 erat
611 2110 762 2156 tellus
796 2115 963 2157 rorata
995 2127 1137 2158 mane
1171 2112 1376 2174 pruina3

333 2190 469 2235 Ante
505 2188 580 2234 sui
615 2189 823 2250 populus
857 2189 1028 2235 limina
1061 2190 1192 2251 regis
1225 2190 1379 2237 adest.

269 2268 445 2314 Prodit
480 2272 531 2314 et
565 2268 618 2313 in
654 2268 775 2314 solio
809 2268 999 2314 medius
1033 2268 1255 2315 consedit
1289 2286 1488 2316 acernot

336 2347 592 2393 Innumeri
627 2347 754 2393 circa
789 2352 1021 2409 stantque
1056 2348 1300 2410 silentque
1334 2349 1443 2396 viri.

270 2426 422 2472 Ortus
455 2429 562 2471 erat
597 2442 785 2472 summo
820 2427 1162 2472 tantummodo
1196 2427 1414 2489 margine
1450 2428 1678 2475 Phoebus
1697 2446 1711 2488 3

187 2530 242 2562 350
331 2504 582 2552 Sollicitae
615 2510 806 2552 mentes
842 2521 1019 2568 speque
1051 2511 1281 2568 metuque
1316 2512 1511 2570 pavent.

271 2584 526 2642 Constitit,
563 2590 709 2646 atque
744 2590 891 2647 caput
926 2585 1069 2631 niveo
1104 2585 1298 2632 velatus
1331 2587 1512 2633 amictu
