1788 2980
53 157 115 224 ι]
701 161 796 206 MA
809 161 857 208 Y.
1415 160 1501 207 131

47 267 170 314 Bina
204 268 521 330 gemellorum
559 271 851 332 quaerebam
888 269 1028 332 signa
1068 270 1283 326 deorum,

108 348 314 396 Viribus
353 364 565 396 annosae
602 349 735 396 faeta
770 351 953 396 caduca
991 366 1186 396 morae:

43 428 184 475 Mille
223 429 387 487 Lares,
430 429 733 492 Geniumque
774 430 924 488 ducis,
966 431 1050 493 qui
1089 430 1300 476 tradidit
1337 430 1463 488 illos,

106 509 240 556 Urbs
277 509 428 558 habet
447 527 461 569 3
506 515 558 556 et
597 510 694 556 vici
731 511 933 556 numina
972 510 1106 557 trina
1141 510 1328 557 colunt.

421 659 502 698 The
530 658 795 708 Book-temple
823 659 870 709 of
891 660 1008 698 Bona
1036 659 1137 698 Dea.

37 752 141 808 Quo
176 753 335 801 feror‘l
381 754 641 816 Augustus
681 754 862 800 mensis
902 754 1025 799 mihi
1063 753 1294 800 carminis
1335 752 1481 798 huius

103 834 189 881 Ius
226 834 406 893 habet;
451 834 642 881 interea
682 835 813 881 Diva
855 836 1074 881 canenda
1111 836 1249 881 Bona
1289 840 1378 881 est.

38 914 126 960 Est
162 914 312 960 moles
353 913 525 960 nativa
562 914 666 960 loco
683 930 696 972 ;
742 931 819 961 res
860 914 1059 961 nomina
1099 914 1219 960 fecit
1235 931 1248 973 3

99 994 372 1056 Appellant
411 993 596 1040 Saxum
612 1011 625 1053 3
673 1011 785 1056 pars
823 996 952 1041 bona
990 993 1174 1041 montis
1210 1011 1267 1041 ea
1303 999 1394 1040 est.

35 1072 167 1119 Huic
207 1073 391 1120 Remus
430 1073 686 1120 institerat
725 1073 928 1131 frustra,
967 1090 1062 1135 quo
1102 1078 1320 1135 tempore
1356 1072 1504 1119 fratri

99 1152 267 1198 Prima
303 1152 561 1199 Palatinae
602 1169 754 1214 regna
793 1153 1001 1200 dedistis
1040 1169 1170 1200 aves.

33 1233 233 1295 Templa
270 1233 445 1279 Patres
485 1232 603 1290 illic,
646 1233 809 1280 oculos
850 1249 996 1279 exosa
1035 1233 1219 1291 virileS,

100 1312 302 1359 Leniter
340 1311 514 1358 acclivi
553 1311 854 1359 constituere
895 1311 1024 1375 iugo.

36 1392 174 1438 Livia
213 1392 451 1448 restituit,
493 1408 555 1439 ne
592 1409 691 1439 non
728 1392 925 1438 imitata
965 1393 1198 1439 maritum

99 1474 256 1530 Esset,
295 1478 345 1519 et
385 1488 445 1519 ex
482 1473 615 1519 omni
653 1478 794 1534 parte
831 1478 998 1520 secuta
1035 1474 1211 1520 virum.

121 1616 223 1664 May
251 1614 345 1663 272d,
378 1614 458 1653 ad.
503 1614 578 1654 VI.
607 1614 715 1653 Non.
749 1615 1061 1664 Mai.—Risinq
1089 1615 1136 1664 of
1157 1613 1220 1653 tha
1246 1612 1425 1663 Hyadas.

32 1709 237 1755 Postera
277 1725 387 1755 cum
424 1723 610 1754 roseam
648 1707 803 1770 pulsis
845 1705 1149 1770 Hyperionis
1192 1706 1341 1754 astris

96 1787 158 1833 In
198 1787 460 1833 matutinis
498 1786 725 1849 lampada
765 1787 902 1833 tollit
938 1787 1090 1849 equis,

28 1862 257 1924 Frigidus
282 1864 524 1924 Argestes
551 1879 766 1910 summas
790 1864 1027 1911 mulcebit
1060 1865 1258 1922 aristas,

96 1944 414 2006 Candidaque
440 1961 469 1990 a
496 1945 696 2008 Capreis
722 1945 834 1992 vela
859 1945 1115 1992 dabuntur
1138 1947 1293 2008 aquis.

35 2027 104 2072 At
144 2025 289 2072 simul
329 2025 573 2070 inducunt
613 2025 818 2071 obscura
858 2025 1141 2086 crepuscula
1182 2030 1392 2084 noctem,

98 2105 220 2151 Pars
261 2101 498 2165 Hyadum
538 2108 646 2149 toto
684 2104 744 2149 de
781 2119 927 2165 grege
968 2103 1108 2149 nulla
1147 2103 1288 2150 latet.

32 2184 131 2231 Ora
168 2185 352 2231 micant
392 2183 541 2230 Tauri
579 2188 766 2245 septem
805 2182 1055 2229 radiantia
1095 2183 1319 2243 fiammis,

98 2264 286 2310 Navita
321 2279 441 2325 quas
482 2263 690 2324 Hyadas
731 2263 910 2310 Graius
948 2263 1011 2309 ab
1049 2262 1205 2310 imbre
1244 2268 1400 2310 vocat.

285 2426 321 2441 Δ]
394 2411 517 2450 Their
543 2411 690 2461 origin.
757 2411 842 2450 The
869 2411 983 2461 myth
1010 2410 1058 2460 os
1079 2410 1208 2459 Hyas.

21 2508 148 2554 Pars
191 2507 437 2554 Bacchum
473 2505 690 2551 nutrisse
731 2510 906 2567 putat;
952 2520 1064 2567 pars
1100 2504 1312 2551 credidit
1348 2519 1454 2551 esse

96 2588 311 2649 Tethyos
353 2587 441 2632 has
482 2589 655 2646 neptes
697 2584 972 2646 Oceanique
1012 2584 1157 2632 senis.

1229 2677 1264 2710 K
1300 2665 1329 2708 2

1538 453 1590 483 ¹⁴!

1536 1018 1584 1047 15¹<
