1788 2980
59 189 160 256 111.]
658 191 913 239 MARCH.
1460 194 1518 239 87

57 299 334 346 Seminibus
368 300 515 346 tostis
550 300 811 346 sceleratae
846 301 1020 346 fraude
1055 315 1290 346 novercae

123 380 403 427 Sustulerat
437 381 615 438 nullas,
652 385 709 427 ut
745 381 883 441 solet,
925 381 1077 427 herba
1111 397 1285 427 comas.

56 459 285 505 Mittitur
308 460 369 506 ad
405 461 639 523 tripodas,
677 465 810 506 certa
844 461 928 522 qui
964 465 1094 507 sorte
1130 464 1348 522 reportet

120 540 276 595 Quam
312 540 469 587 sterili
505 545 666 587 terrae
701 541 970 603 Delphicus
1007 541 1121 586 edat
1156 556 1310 602 opem.

55 619 152 665 Hic
187 635 375 682 quoque
411 625 669 682 corruptus
705 636 814 666 cum
849 620 1033 666 semine
1068 619 1272 666 nuntiat
1307 619 1481 667 Helles
1550 637 1605 675 815

119 699 186 744 Et
219 698 413 746 iuvenis
448 700 623 746 Phrixi
657 700 832 746 funera
868 705 1000 746 sorte
1035 700 1152 762 peti.

54 777 222 840 Usque
257 784 564 826 recusantem
597 780 740 838 cives,
780 784 830 826 et
866 785 1074 841 tempus,
1112 784 1162 825 et
1198 780 1289 825 Ino

119 857 472 920 Compulerunt
506 875 669 922 regem
703 860 835 906 iussa
869 859 1084 905 nefanda
1119 860 1257 921 pati3

29 938 119 998 ,Et
154 955 289 985 soror
323 943 373 985 et
408 939 625 986 Phrixus
659 939 812 986 velati
847 943 1067 1001 tempora
1101 939 1248 986 vittis

118 1016 266 1062 Stant
301 1017 448 1063 simul
482 1022 598 1063 ante
632 1034 742 1064 aras
776 1018 1039 1080 iunctaque
1074 1017 1181 1064 fata
1215 1023 1434 1080 gemunt.
1546 1036 1606 1066 820

55 1095 248 1157 Aspicit
283 1097 386 1155 hos,
423 1102 481 1142 ut
514 1097 643 1143 forte
680 1098 978 1159 pependerat
1013 1099 1211 1144 aethere
1247 1104 1423 1157 mater,

119 1174 185 1220 Et
219 1174 338 1222 ferit
372 1176 590 1222 attonita
624 1182 820 1238 pectora
853 1177 987 1223 nuda
1020 1193 1169 1222 manu
1187 1193 1200 1236 3

53 1253 209 1314 Inque
246 1255 622 1317 draconigenam
659 1255 839 1301 nimbis
875 1255 1226 1302 comitantibus
1263 1257 1434 1303 urbem

118 1334 316 1393 Desilit,
353 1340 403 1381 et
438 1341 581 1383 natos
617 1336 765 1398 eripit
800 1335 914 1382 inde
950 1352 1061 1381 suos
1079 1352 1092 1394 5

54 1418 222 1478 thue
255 1415 424 1478 fugam
459 1416 670 1478 capiant,
706 1415 833 1461 aries
867 1415 1197 1462 nitidissimus
1232 1433 1350 1463 auro
1552 1434 1609 1471 825

119 1496 370 1543 Traditur.
438 1496 533 1542 Ille
569 1496 708 1542 vehit
742 1512 828 1558 per
861 1495 991 1541 freta
1024 1495 1172 1557 longa
1208 1497 1342 1543 duos.

55 1576 253 1623 Dicitur
286 1575 481 1621 infirma
514 1592 667 1621 cornu
701 1575 920 1620 tenuisse
956 1574 1160 1621 sinistra

120 1655 335 1712 Femina,
374 1670 483 1700 cum
518 1655 578 1700 de
614 1670 664 1700 se
700 1654 898 1700 nomina
933 1653 1052 1700 fecit
1087 1670 1254 1715 aquae.

55 1736 218 1783 Paene
253 1735 399 1781 simul
435 1734 597 1797 periit,
635 1735 752 1781 dum
787 1734 899 1781 vult
935 1750 1214 1780 succurrere
1251 1734 1432 1797 lapsae,

121 1817 310 1873 Frater,
348 1818 398 1861 et
432 1818 660 1860 extentas
695 1814 905 1876 porrigit
939 1829 1091 1875 usque
1125 1830 1315 1860 manus.
1552 1831 1612 1871 830

57 1896 247 1954 Flebat,
283 1899 342 1941 ut
375 1895 554 1942 amissa
587 1895 771 1957 gemini
806 1898 1031 1941 consorte
1066 1894 1251 1955 pericli,

124 1976 357 2022 Caeruleo
390 1975 611 2021 iunctam
645 1974 837 2021 nescius
871 1990 976 2021 esse
1012 1975 1113 2020 deo.

59 2055 311 2102 Litoribus
346 2056 496 2101 tactis
529 2055 654 2101 aries
689 2055 746 2100 fit
782 2055 947 2102 sidus:
994 2060 1046 2101 at
1080 2055 1226 2101 huius

124 2135 361 2183 Pervenit
394 2135 447 2181 in
483 2135 687 2182 Colchas
720 2151 868 2181 aurea
902 2134 1016 2180 lana
1051 2136 1230 2181 domos.

245 2321 388 2361 March,
417 2320 523 2368 26872,
556 2320 639 2359 aad.
682 2319 779 2360 VII.
813 2319 912 2358 Kal.
946 2318 1271 2368 Aprs—-Vernal
1299 2318 1502 2367 Equinox.

60 2448 180 2494 Tres
213 2447 300 2493 ubi
333 2447 585 2494 Luciferos
619 2448 821 2494 veniens
856 2447 1162 2510 praemiserit
1196 2449 1306 2507 Eos,
1554 2464 1611 2502 835

126 2528 363 2592 Tempora
397 2528 652 2575 nocturnis
685 2545 837 2592 aequa
873 2528 1050 2574 diurna
1083 2527 1226 2577 feres.
