1788 2980
246 146 333 190 132
735 142 962 189 OVIDII
1003 144 1212 190 FASTJ.
1579 147 1696 207 [Lm.

238 253 471 299 Nondum
509 253 675 298 stabat
712 252 860 297 Atlas
896 267 1088 297 umeros
1129 256 1360 298 oneratus
1397 253 1617 316 Olympo,

306 334 428 379 Cum
466 338 603 379 satus
644 336 719 378 est
756 331 913 376 forma
952 332 1321 394 conspiciendus
1358 333 1512 395 Hyas.

238 414 387 459 Hunc
428 414 579 474 stirps
622 412 800 459 Oceani
837 412 1045 458 maturis
1081 413 1281 459 nixibus
1314 415 1506 460 Aethra

155 519 211 550 ¹70
299 494 486 551 Edidit,
529 498 579 540 et
615 494 889 555 nymphas,
940 494 1023 539 sed
1062 493 1196 555 prior
1235 499 1373 540 ortus
1415 496 1570 558 Hyas.

237 575 369 620 Dum
409 590 538 619 nova
575 573 770 634 lanugo,
813 572 1016 634 pavidos
1054 573 1317 619 formidine
1357 591 1525 620 cervos

303 654 475 699 Terret
516 658 567 699 et
607 658 683 699 est
720 653 796 698 illi
837 654 1017 714 praeda
1058 653 1269 715 benigna
1305 655 1442 716 lepus
1463 671 1475 712 3

237 736 310 778 At
350 738 608 795 postquam
645 733 807 778 virtus
845 733 987 778 annis
1024 733 1256 790 adolevit,
1297 734 1349 779 in
1390 751 1531 796 apros

305 813 476 858 Audet
517 817 567 858 et
607 812 825 858 hirsutas
866 812 1083 858 cominus
1120 812 1192 858 ire
1232 813 1373 860 feras.

151 919 207 949 ¹75
232 895 458 954 Dumque
496 892 624 954 petit
658 892 874 938 latebras
911 892 1042 939 fetae
1080 893 1365 954 catulosque
1406 894 1616 948 leaenae,

303 973 418 1034 Ipse
457 972 556 1017 fuit
595 972 808 1033 Libycae
845 973 1026 1034 praeda
1063 978 1267 1018 cruenta
1303 973 1450 1021 ferae.

237 1055 404 1101 Mater
443 1054 611 1115 Hyan,
650 1058 701 1100 et
741 1053 897 1114 Hyan
934 1058 1150 1098 maestae
1190 1053 1366 1099 flevere
1405 1070 1606 1109 sorores,

304 1135 648 1195 Cervicemque
687 1133 797 1196 polo
835 1133 1179 1195 suppositurus
1216 1134 1396 1192 Atlas,

237 1215 417 1261 Victus
457 1219 664 1275 uterque
702 1229 878 1275 parens
915 1218 1080 1258 tamen
1119 1217 1194 1258 est
1233 1213 1419 1275 pietate
1456 1230 1688 1259 sororum.

152 1311 209 1341 180
298 1295 397 1340 Illa
434 1294 571 1340 dedit
609 1293 827 1352 caelum3
873 1293 1073 1338 nomina
1112 1292 1231 1338 fecit
1273 1293 1429 1354 Hyas,

235 1457 315 1495 The
343 1459 506 1495 account
535 1456 583 1505 of
614 1454 675 1493 tha
702 1454 894 1492 Floralia
922 1455 958 1492 is
985 1454 1180 1492 resumed.
1244 1455 1475 1503 Begyinniny
1503 1467 1553 1492 (m
1582 1453 1709 1503 April

509 1509 616 1557 28th,
652 1508 732 1546 this
748 1507 920 1557 festival
951 1507 1076 1545 lasted
1105 1507 1171 1545 till
1201 1508 1303 1556 May
1333 1508 1420 1546 3rd.

238 1605 417 1661 Mater,
455 1602 586 1660 ades,
629 1603 817 1659 florum,
860 1601 991 1647 ludis
1029 1601 1320 1647 celebranda
1358 1602 1530 1648 iocosis
1552 1638 1564 1660 ,

303 1684 610 1730 Distuleram
649 1688 813 1745 partes
854 1699 1019 1728 mense
1061 1682 1220 1743 priore
1260 1687 1384 1729 tuas.

239 1763 424 1825 Incipis
464 1762 644 1823 Aprili,
684 1761 869 1806 transis
909 1761 961 1806 in
1002 1768 1223 1822 tempora
1260 1761 1396 1808 Maii.

304 1842 453 1887 Alter
489 1847 539 1886 te
577 1841 787 1901 fugiens,
826 1857 935 1885 cum
973 1840 1112 1886 venit
1149 1840 1276 1886 alter
1313 1841 1473 1887 habet.

154 1940 210 1977 185
237 1923 360 1969 Cum
401 1927 490 1968 tua
531 1921 632 1967 sint
671 1922 944 1982 cedantque
981 1921 1076 1966 tibi
1113 1921 1322 1966 confinia
1362 1937 1597 1978 mensum,

308 2001 554 2048 Convenit
593 2001 645 2046 in
684 2001 854 2046 laudes
891 2001 976 2047 ille
1016 2001 1095 2047 vel
1135 2001 1220 2046 ille
1256 2006 1381 2048 tuas,

240 2083 410 2129 Circus
450 2081 503 2126 in
544 2081 674 2126 hunc
714 2081 834 2136 exit,
877 2080 1182 2143 clamataque
1222 2081 1384 2143 palma
1422 2081 1662 2125 theatris:

308 2162 417 2207 Hoc
454 2176 645 2222 quoque
685 2176 796 2206 cum
841 2160 970 2206 Circi
1011 2176 1211 2207 munere
1249 2176 1441 2206 carmen
1479 2168 1572 2206 eat.

670 2314 830 2353 Flora’s
857 2319 1020 2353 account
1049 2317 1096 2364 os
1116 2317 1273 2364 herself.

241 2413 358 2475 Ipsa
398 2412 528 2468 doce,
575 2426 697 2471 quae
735 2409 814 2456 sis.
886 2409 1159 2455 Hominum
1196 2409 1443 2455 sententia
1479 2409 1646 2468 fallax,

157 2517 215 2549 ¹9⁰
298 2490 496 2552 Optima
532 2493 589 2534 tu
627 2488 811 2550 proprii
851 2488 1063 2534 nominis
1103 2493 1276 2534 auctor
1316 2488 1427 2535 eris.

243 2571 320 2616 Sic
359 2585 462 2631 ego.
535 2568 613 2613 Sic
651 2567 835 2614 nostris
871 2567 1125 2629 respondit
1159 2567 1279 2613 diva
1314 2567 1531 2629 rogatis:
