1788 2980
220 146 310 194 146
712 146 939 194 OVJDJJ
980 144 1191 191 FASTJ.
1577 140 1694 206 [mn.

248 320 291 359 It
317 331 402 358 was
430 318 563 358 vowed
592 318 640 368 by
669 319 883 369 Auyustus
910 330 956 356 as
984 318 1047 356 the
1075 329 1244 367 avenyer
1271 316 1318 367 os
1339 314 1494 356 Julius'
1525 316 1655 355 death.

135 463 194 497 515
217 437 440 482 Voverat
478 435 568 482 hoc
608 435 802 482 iuvenis
842 439 978 494 tunc,
1017 452 1127 481 cum
1165 436 1246 498 pia
1287 435 1494 482 sustulit
1534 449 1678 480 arma.

287 517 336 561 A
373 515 531 561 tantis
570 516 806 578 Princeps
844 515 1153 578 incipiendus
1190 521 1311 562 erat.

222 595 318 641 Ille
360 611 533 640 manus
571 596 795 653 tendens,
838 595 952 642 hinc
994 595 1152 642 stanti
1193 595 1351 642 milite
1392 595 1538 653 iusto,

290 675 426 720 Hinc
464 674 749 732 coniuratis,
792 675 915 720 talia
955 675 1088 721 dicta
1129 675 1294 722 dedit:

227 755 278 801 Si
318 754 441 800 mihi
478 755 697 801 bellandi
735 759 875 817 pater
915 759 992 801 est
1033 756 1313 817 Vestaeque
1355 757 1576 802 sacerdos

128 866 190 895 520
285 836 492 893 Auctor,
530 839 581 881 et
622 835 792 882 ulcisci
833 851 1016 883 numen
1056 840 1322 898 utrumque
1361 852 1494 899 paro,

229 916 381 973 Mars,
424 916 554 974 ades,
594 920 646 962 et
686 916 813 962 satia
854 917 1090 963 scelerato
1133 916 1371 978 sanguine
1409 916 1629 974 ferrum3

296 996 502 1058 Stetque
542 996 685 1043 favor
724 1013 869 1043 causa
905 1013 993 1059 pro
1030 997 1232 1043 meliore
1269 1002 1400 1043 tuus.

229 1075 432 1137 Templa
467 1075 610 1134 feres,
652 1080 703 1123 et
742 1093 820 1123 me
858 1077 1045 1123 victore
1084 1077 1336 1124 vocaberis
1376 1077 1542 1124 Ultor.

297 1158 533 1215 Voverat‚
573 1162 624 1204 et
664 1157 775 1203 fuso
816 1157 977 1204 laetus
1015 1158 1078 1204 ab
1119 1159 1259 1204 hoste
1296 1158 1440 1204 redit.

225 1317 267 1355 It
294 1317 378 1355 also
397 1320 715 1356 commemoratos
737 1317 800 1356 the
825 1329 1039 1367 venqeame
1067 1318 1187 1356 taken
1214 1329 1264 1356 on
1293 1317 1355 1355 the
1384 1317 1609 1356 Parthians
1626 1317 1699 1367 sor
1779 1340 1788 1402 ⁴

691 1371 753 1410 the
780 1371 909 1421 defeat
937 1371 984 1421 qf
1005 1371 1067 1410 the
1097 1371 1245 1410 Crassi.

150 1489 206 1519 5²5
231 1465 335 1509 Nec
375 1464 497 1511 satis
534 1469 610 1512 est
647 1465 881 1511 meruisse
918 1464 1067 1512 semel
1105 1466 1395 1527 cognomina
1435 1466 1617 1512 Marti:

303 1544 625 1607 Persequitur
661 1545 840 1590 Parthi
877 1544 1019 1608 signa
1057 1549 1254 1591 retenta
1293 1561 1452 1592 manu,

237 1623 370 1670 Gens
410 1624 511 1670 fuit
550 1629 601 1671 et
637 1624 820 1687 campis
858 1628 908 1671 et
944 1624 1081 1686 equis
1120 1629 1172 1671 et
1212 1629 1325 1671 tuta
1362 1625 1576 1688 sagittis,

305 1704 372 1748 Et
408 1704 717 1751 circumfusis
755 1704 892 1751 invia
929 1704 1227 1751 fluminibus.

240 1783 554 1829 Addiderant
593 1785 781 1830 animos
823 1785 1108 1830 Crassorum
1148 1784 1323 1830 funera
1357 1785 1511 1847 genti,

154 1889 213 1918 530
304 1863 425 1909 Cum
468 1866 614 1926 periit
654 1866 794 1912 miles
837 1865 1070 1926 signaque
1113 1865 1307 1927 duxque
1347 1865 1508 1912 simul.

242 1941 406 2003 Signa,
446 1946 592 1990 decus
629 1946 761 2002 beni,
799 1945 1019 1990 Parthus
1055 1945 1278 1990 Romana
1316 1946 1534 2003 tenebat,

319 2024 663 2086 Romanaeque
704 2024 897 2086 aquilae
939 2023 1146 2086 signifer
1186 2024 1343 2070 hostis
1383 2029 1504 2070 erat.

244 2105 392 2165 Isque
434 2103 590 2163 pudor
627 2103 890 2149 mansisset
926 2103 1099 2160 adhuc,
1141 2103 1237 2148 nisi
1275 2103 1490 2150 fortibus
1529 2103 1677 2149 armis

311 2182 531 2230 Caesaris
568 2183 818 2229 Ausoniae
856 2187 1231 2244 protegerentur
1267 2199 1394 2244 opes,

158 2289 216 2319 535
241 2263 335 2309 Ille
374 2267 517 2308 notas
558 2268 764 2321 veteres,
807 2267 858 2308 et
898 2262 1033 2323 longi
1072 2263 1279 2308 dedecus
1316 2263 1424 2308 aevi

313 2343 555 2389 Sustulit:
603 2346 850 2403 agnorunt
891 2342 1030 2403 signa
1067 2347 1261 2404 recepta
1299 2359 1425 2389 suos.

247 2423 373 2478 Quid
414 2421 511 2468 tibi
549 2438 680 2467 nunc
717 2421 890 2468 solitae
930 2420 1068 2466 mitti
1103 2426 1215 2482 post
1253 2425 1394 2484 terga
1433 2421 1659 2483 sagittae,

313 2501 441 2555 Quid
478 2501 597 2558 loca,
636 2500 754 2562 quid
795 2499 955 2562 rapidi
996 2499 1185 2561 profuit
1225 2517 1342 2546 usus
1379 2500 1522 2561 equi?

248 2580 449 2638 Parthe,
474 2580 627 2626 refers
650 2580 868 2641 aquilas:
906 2579 1063 2626 victos
1092 2595 1281 2642 quoque
1313 2579 1522 2642 porrigis
1551 2595 1709 2627 amus.
