<?xml version="1.0" encoding="UTF-8"?>
<!DOCTYPE html PUBLIC "-//W3C//DTD XHTML 1.0 Transitional//EN"
    "http://www.w3.org/TR/xhtml1/DTD/xhtml1-transitional.dtd">
<html xmlns="http://www.w3.org/1999/xhtml" xml:lang="en" lang="en">
 <head>
  <title>
</title>
<meta http-equiv="Content-Type" content="text/html;charset=utf-8" />
  <meta name='ocr-system' content='tesseract 3.04.00' />
  <meta name='ocr-capabilities' content='ocr_page ocr_carea ocr_par ocr_line ocrx_word'/>
</head>
<body>
  <div class='ocr_page' id='page_1' title='image "./fastiofovid00ovidrich_0089.png"; bbox 0 0 1788 2980; ppageno 0'>
   <div class='ocr_carea' id='block_1_1' title="bbox 25 131 1509 229">
    <p class='ocr_par' dir='ltr' id='par_1_1' title="bbox 25 131 1509 229">
     <span class='ocr_line' id='line_1_1' title="bbox 25 131 1509 229; baseline -0.004 -21"><span class='ocrx_word' id='word_1_1' title='bbox 25 162 98 229; x_wconf 75' lang='lat' dir='ltr'>IL]</span> <span class='ocrx_word' id='word_1_2' title='bbox 538 170 541 174; x_wconf 96' lang='lat'>·</span> <span class='ocrx_word' id='word_1_3' title='bbox 579 159 956 207; x_wconf 76' lang='lat' dir='ltr'><strong><em>FEBRUARY.</em></strong></span> <span class='ocrx_word' id='word_1_4' title='bbox 1202 131 1212 146; x_wconf 59' lang='lat'>‘</span> <span class='ocrx_word' id='word_1_5' title='bbox 1450 158 1509 203; x_wconf 80' lang='lat'>49</span> 
     </span>
    </p>
   </div>
   <div class='ocr_carea' id='block_1_2' title="bbox 205 308 1348 360">
    <p class='ocr_par' dir='ltr' id='par_1_2' title="bbox 205 308 1348 360">
     <span class='ocr_line' id='line_1_2' title="bbox 205 308 1348 360; baseline -0.001 -10"><span class='ocrx_word' id='word_1_6' title='bbox 205 313 231 332; x_wconf 82' lang='lat'>‘⁶</span> <span class='ocrx_word' id='word_1_7' title='bbox 248 312 310 350; x_wconf 80' lang='lat' dir='ltr'>He</span> <span class='ocrx_word' id='word_1_8' title='bbox 338 312 447 350; x_wconf 80' lang='lat' dir='ltr'><em>shall</em></span> <span class='ocrx_word' id='word_1_9' title='bbox 477 311 516 349; x_wconf 79' lang='lat' dir='ltr'>be</span> <span class='ocrx_word' id='word_1_10' title='bbox 544 311 654 360; x_wconf 72' lang='lat' dir='ltr'>chief</span> <span class='ocrx_word' id='word_1_11' title='bbox 675 311 763 348; x_wconf 88' lang='lat' dir='ltr'>who</span> <span class='ocrx_word' id='word_1_12' title='bbox 783 310 880 360; x_wconf 74' lang='lat' dir='ltr'>first</span> <span class='ocrx_word' id='word_1_13' title='bbox 907 309 1030 348; x_wconf 74' lang='lat' dir='ltr'>kisses</span> <span class='ocrx_word' id='word_1_14' title='bbox 1058 309 1123 348; x_wconf 73' lang='lat' dir='ltr'>his</span> <span class='ocrx_word' id='word_1_15' title='bbox 1152 308 1348 350; x_wconf 46' lang='lat' dir='ltr'>mother?</span> 
     </span>
    </p>
   </div>
   <div class='ocr_carea' id='block_1_3' title="bbox 6 416 1596 1197">
    <p class='ocr_par' dir='ltr' id='par_1_3' title="bbox 6 416 1596 1197">
     <span class='ocr_line' id='line_1_3' title="bbox 30 416 1227 479; baseline -0.003 -14"><span class='ocrx_word' id='word_1_16' title='bbox 30 420 164 477; x_wconf 90' lang='lat' dir='ltr'>Ecce,</span> <span class='ocrx_word' id='word_1_17' title='bbox 205 418 344 464; x_wconf 82' lang='lat' dir='ltr'>nefas</span> <span class='ocrx_word' id='word_1_18' title='bbox 382 419 507 476; x_wconf 81' lang='lat' dir='ltr'>visu,</span> <span class='ocrx_word' id='word_1_19' title='bbox 550 418 725 463; x_wconf 88' lang='lat' dir='ltr'>mediis</span> <span class='ocrx_word' id='word_1_20' title='bbox 764 417 1009 463; x_wconf 83' lang='lat' dir='ltr'>altaribus</span> <span class='ocrx_word' id='word_1_21' title='bbox 1050 416 1227 479; x_wconf 84' lang='lat' dir='ltr'>anguis</span> 
     </span>
     <span class='ocr_line' id='line_1_4' title="bbox 95 498 1207 560; baseline 0 -16"><span class='ocrx_word' id='word_1_22' title='bbox 95 499 229 556; x_wconf 76' lang='lat' dir='ltr'>Exit,</span> <span class='ocrx_word' id='word_1_23' title='bbox 270 504 320 545; x_wconf 90' lang='lat' dir='ltr'>et</span> <span class='ocrx_word' id='word_1_24' title='bbox 366 498 628 553; x_wconf 78' lang='lat' dir='ltr'>exstinctis</span> <span class='ocrx_word' id='word_1_25' title='bbox 666 498 866 559; x_wconf 85' lang='lat' dir='ltr'>ignibus</span> <span class='ocrx_word' id='word_1_26' title='bbox 904 502 1020 544; x_wconf 77' lang='lat' dir='ltr'>exta</span> <span class='ocrx_word' id='word_1_27' title='bbox 1059 498 1207 560; x_wconf 85' lang='lat' dir='ltr'>rapit.</span> 
     </span>
     <span class='ocr_line' id='line_1_5' title="bbox 31 576 1590 629; baseline -0.001 -5"><span class='ocrx_word' id='word_1_28' title='bbox 31 579 317 625; x_wconf 79' lang='lat' dir='ltr'>Consulitur</span> <span class='ocrx_word' id='word_1_29' title='bbox 351 578 594 624; x_wconf 86' lang='lat' dir='ltr'>Phoebus.</span> <span class='ocrx_word' id='word_1_30' title='bbox 668 577 782 623; x_wconf 78' lang='lat' dir='ltr'>Sors</span> <span class='ocrx_word' id='word_1_31' title='bbox 819 582 895 623; x_wconf 87' lang='lat' dir='ltr'>est</span> <span class='ocrx_word' id='word_1_32' title='bbox 931 577 1007 622; x_wconf 83' lang='lat' dir='ltr'>ita</span> <span class='ocrx_word' id='word_1_33' title='bbox 1042 577 1271 623; x_wconf 85' lang='lat' dir='ltr'>reddita:</span> <span class='ocrx_word' id='word_1_34' title='bbox 1315 576 1475 622; x_wconf 89' lang='lat' dir='ltr'>Matri</span> <span class='ocrx_word' id='word_1_35' title='bbox 1535 600 1590 629; x_wconf 82' lang='grc'>555</span> 
     </span>
     <span class='ocr_line' id='line_1_6' title="bbox 6 647 1255 722; baseline -0.001 -18"><span class='ocrx_word' id='word_1_36' title='bbox 6 647 7 658; x_wconf 42' lang='lat'><em>³</em></span> <span class='ocrx_word' id='word_1_37' title='bbox 95 658 189 713; x_wconf 82' lang='lat' dir='ltr'>Qui</span> <span class='ocrx_word' id='word_1_38' title='bbox 226 658 417 704; x_wconf 89' lang='lat' dir='ltr'>dederit</span> <span class='ocrx_word' id='word_1_39' title='bbox 457 657 683 722; x_wconf 88' lang='lat' dir='ltr'>princeps</span> <span class='ocrx_word' id='word_1_40' title='bbox 722 658 902 714; x_wconf 86' lang='lat' dir='ltr'>oscula,</span> <span class='ocrx_word' id='word_1_41' title='bbox 944 657 1105 703; x_wconf 83' lang='lat' dir='ltr'>victor</span> <span class='ocrx_word' id='word_1_42' title='bbox 1146 657 1255 704; x_wconf 89' lang='lat' dir='ltr'>erit.</span> 
     </span>
     <span class='ocr_line' id='line_1_7' title="bbox 31 736 1364 798; baseline -0.002 -14"><span class='ocrx_word' id='word_1_43' title='bbox 31 738 209 784; x_wconf 86' lang='lat' dir='ltr'>Oscula</span> <span class='ocrx_word' id='word_1_44' title='bbox 247 737 451 798; x_wconf 90' lang='lat' dir='ltr'>quisque</span> <span class='ocrx_word' id='word_1_45' title='bbox 492 752 606 782; x_wconf 87' lang='lat' dir='ltr'>suae</span> <span class='ocrx_word' id='word_1_46' title='bbox 644 737 794 782; x_wconf 88' lang='lat' dir='ltr'>matri</span> <span class='ocrx_word' id='word_1_47' title='bbox 835 741 1098 798; x_wconf 85' lang='lat' dir='ltr'>properata</span> <span class='ocrx_word' id='word_1_48' title='bbox 1136 736 1364 782; x_wconf 86' lang='lat' dir='ltr'>tulerunt</span> 
     </span>
     <span class='ocr_line' id='line_1_8' title="bbox 95 815 1086 869; baseline -0.002 -5"><span class='ocrx_word' id='word_1_49' title='bbox 95 815 210 864; x_wconf 90' lang='lat' dir='ltr'>Non</span> <span class='ocrx_word' id='word_1_50' title='bbox 251 817 504 863; x_wconf 85' lang='lat' dir='ltr'>intellecto</span> <span class='ocrx_word' id='word_1_51' title='bbox 546 816 748 863; x_wconf 87' lang='lat' dir='ltr'>credula</span> <span class='ocrx_word' id='word_1_52' title='bbox 789 817 940 869; x_wconf 75' lang='lat' dir='ltr'>turha</span> <span class='ocrx_word' id='word_1_53' title='bbox 985 817 1086 862; x_wconf 90' lang='lat' dir='ltr'>deo.</span> 
     </span>
     <span class='ocr_line' id='line_1_9' title="bbox 32 895 1330 957; baseline -0.002 -15"><span class='ocrx_word' id='word_1_54' title='bbox 32 899 218 943; x_wconf 83' lang='lat' dir='ltr'>Brutus</span> <span class='ocrx_word' id='word_1_55' title='bbox 255 901 361 942; x_wconf 83' lang='lat' dir='ltr'>erat</span> <span class='ocrx_word' id='word_1_56' title='bbox 403 895 548 941; x_wconf 84' lang='lat' dir='ltr'>stulti</span> <span class='ocrx_word' id='word_1_57' title='bbox 590 895 783 957; x_wconf 88' lang='lat' dir='ltr'>sapiens</span> <span class='ocrx_word' id='word_1_58' title='bbox 820 895 1059 953; x_wconf 86' lang='lat' dir='ltr'>imitator,</span> <span class='ocrx_word' id='word_1_59' title='bbox 1102 899 1159 940; x_wconf 90' lang='lat' dir='ltr'>ut</span> <span class='ocrx_word' id='word_1_60' title='bbox 1201 899 1330 941; x_wconf 84' lang='lat' dir='ltr'>esset</span> 
     </span>
     <span class='ocr_line' id='line_1_10' title="bbox 96 974 1596 1036; baseline -0.001 -16"><span class='ocrx_word' id='word_1_61' title='bbox 96 976 254 1021; x_wconf 86' lang='lat' dir='ltr'>Tutus</span> <span class='ocrx_word' id='word_1_62' title='bbox 292 975 353 1020; x_wconf 85' lang='lat' dir='ltr'>ab</span> <span class='ocrx_word' id='word_1_63' title='bbox 392 975 602 1030; x_wconf 82' lang='lat' dir='ltr'>insidiis,</span> <span class='ocrx_word' id='word_1_64' title='bbox 645 976 750 1021; x_wconf 86' lang='lat' dir='ltr'>dire</span> <span class='ocrx_word' id='word_1_65' title='bbox 792 974 1024 1036; x_wconf 83' lang='lat' dir='ltr'>Superbe,</span> <span class='ocrx_word' id='word_1_66' title='bbox 1064 974 1181 1022; x_wconf 89' lang='lat' dir='ltr'>tuis.</span> <span class='ocrx_word' id='word_1_67' title='bbox 1539 989 1596 1027; x_wconf 80' lang='lat'>560</span> 
     </span>
     <span class='ocr_line' id='line_1_11' title="bbox 32 1054 1350 1120; baseline -0.002 -19"><span class='ocrx_word' id='word_1_68' title='bbox 32 1056 126 1120; x_wconf 66' lang='lat' dir='ltr'>Iile</span> <span class='ocrx_word' id='word_1_69' title='bbox 165 1055 327 1102; x_wconf 88' lang='lat' dir='ltr'>iacens</span> <span class='ocrx_word' id='word_1_70' title='bbox 369 1072 552 1117; x_wconf 86' lang='lat' dir='ltr'>pronus</span> <span class='ocrx_word' id='word_1_71' title='bbox 592 1055 740 1101; x_wconf 75' lang='lat' dir='ltr'>matri</span> <span class='ocrx_word' id='word_1_72' title='bbox 781 1054 918 1100; x_wconf 89' lang='lat' dir='ltr'>dedit</span> <span class='ocrx_word' id='word_1_73' title='bbox 956 1055 1122 1100; x_wconf 86' lang='lat' dir='ltr'>oscula</span> <span class='ocrx_word' id='word_1_74' title='bbox 1158 1054 1350 1111; x_wconf 84' lang='lat' dir='ltr'>Terrae,</span> 
     </span>
     <span class='ocr_line' id='line_1_12' title="bbox 98 1134 1082 1197; baseline -0.002 -15"><span class='ocrx_word' id='word_1_75' title='bbox 98 1136 327 1182; x_wconf 73' lang='lat' dir='ltr'>Creditus</span> <span class='ocrx_word' id='word_1_76' title='bbox 369 1134 552 1181; x_wconf 77' lang='lat' dir='ltr'>offenso</span> <span class='ocrx_word' id='word_1_77' title='bbox 592 1135 908 1197; x_wconf 81' lang='lat' dir='ltr'>procubuisse</span> <span class='ocrx_word' id='word_1_78' title='bbox 948 1135 1082 1197; x_wconf 86' lang='lat' dir='ltr'>pede.</span> 
     </span>
    </p>
   </div>
   <div class='ocr_carea' id='block_1_4' title="bbox 0 1293 1599 2628">
    <p class='ocr_par' dir='ltr' id='par_1_4' title="bbox 42 1293 1517 1345">
     <span class='ocr_line' id='line_1_13' title="bbox 42 1293 1517 1345; baseline -0.002 -11"><span class='ocrx_word' id='word_1_79' title='bbox 42 1297 122 1335; x_wconf 77' lang='lat' dir='ltr'>The</span> <span class='ocrx_word' id='word_1_80' title='bbox 151 1297 250 1345; x_wconf 67' lang='lat' dir='ltr'>Sicyo</span> <span class='ocrx_word' id='word_1_81' title='bbox 282 1295 328 1343; x_wconf 82' lang='lat' dir='ltr'>of</span> <span class='ocrx_word' id='word_1_82' title='bbox 350 1295 505 1333; x_wconf 73' lang='lat' dir='ltr'>Ardea.</span> <span class='ocrx_word' id='word_1_83' title='bbox 572 1294 654 1333; x_wconf 73' lang='lat' dir='ltr'>The</span> <span class='ocrx_word' id='word_1_84' title='bbox 686 1295 829 1344; x_wconf 71' lang='lat' dir='ltr'>prime</span> <span class='ocrx_word' id='word_1_85' title='bbox 868 1294 954 1333; x_wconf 77' lang='lat' dir='ltr'>and</span> <span class='ocrx_word' id='word_1_86' title='bbox 992 1294 1058 1332; x_wconf 76' lang='lat' dir='ltr'>his</span> <span class='ocrx_word' id='word_1_87' title='bbox 1098 1305 1233 1343; x_wconf 71' lang='lat' dir='ltr'>youny</span> <span class='ocrx_word' id='word_1_88' title='bbox 1260 1293 1517 1342; x_wconf 71' lang='lat' dir='ltr'>companiom</span> 
     </span>
    </p>

    <p class='ocr_par' dir='ltr' id='par_1_5' title="bbox 0 1348 1209 1398">
     <span class='ocr_line' id='line_1_14' title="bbox 0 1348 1209 1398; baseline 0 -12"><span class='ocrx_word' id='word_1_89' title='bbox 0 1371 1 1374; x_wconf 64' lang='lat'><em>=</em></span> <span class='ocrx_word' id='word_1_90' title='bbox 323 1349 439 1386; x_wconf 73' lang='lat' dir='ltr'>‘make</span> <span class='ocrx_word' id='word_1_91' title='bbox 467 1360 494 1386; x_wconf 82' lang='lat' dir='ltr'>a</span> <span class='ocrx_word' id='word_1_92' title='bbox 522 1360 668 1398; x_wconf 72' lang='lat' dir='ltr'>waqer,</span> <span class='ocrx_word' id='word_1_93' title='bbox 700 1348 785 1386; x_wconf 78' lang='lat' dir='ltr'>and</span> <span class='ocrx_word' id='word_1_94' title='bbox 812 1348 907 1386; x_wconf 70' lang='lat' dir='ltr'>visit</span> <span class='ocrx_word' id='word_1_95' title='bbox 936 1348 1040 1386; x_wconf 76' lang='lat' dir='ltr'>their</span> <span class='ocrx_word' id='word_1_96' title='bbox 1067 1348 1209 1386; x_wconf 76' lang='lat' dir='ltr'>homes.</span> 
     </span>
    </p>

    <p class='ocr_par' dir='ltr' id='par_1_6' title="bbox 35 1448 1181 1591">
     <span class='ocr_line' id='line_1_15' title="bbox 35 1448 1181 1511; baseline -0.002 -15"><span class='ocrx_word' id='word_1_97' title='bbox 35 1449 265 1511; x_wconf 83' lang='lat' dir='ltr'>Cingitur</span> <span class='ocrx_word' id='word_1_98' title='bbox 302 1449 492 1494; x_wconf 85' lang='lat' dir='ltr'>interea</span> <span class='ocrx_word' id='word_1_99' title='bbox 530 1448 767 1494; x_wconf 85' lang='lat' dir='ltr'>Romanis</span> <span class='ocrx_word' id='word_1_100' title='bbox 805 1448 974 1495; x_wconf 82' lang='lat' dir='ltr'>Ardea</span> <span class='ocrx_word' id='word_1_101' title='bbox 1013 1448 1181 1511; x_wconf 85' lang='lat' dir='ltr'>signis,</span> 
     </span>
     <span class='ocr_line' id='line_1_16' title="bbox 99 1506 1099 1591; baseline -0.001 -16"><span class='ocrx_word' id='word_1_102' title='bbox 99 1530 166 1576; x_wconf 87' lang='lat' dir='ltr'>Et</span> <span class='ocrx_word' id='word_1_103' title='bbox 207 1528 399 1591; x_wconf 85' lang='lat' dir='ltr'>patitur</span> <span class='ocrx_word' id='word_1_104' title='bbox 422 1506 599 1574; x_wconf 83' lang='lat' dir='ltr'>lentas</span> <span class='ocrx_word' id='word_1_105' title='bbox 635 1527 890 1574; x_wconf 83' lang='lat' dir='ltr'>obsidione</span> <span class='ocrx_word' id='word_1_106' title='bbox 926 1544 1099 1574; x_wconf 89' lang='lat' dir='ltr'>moras.</span> 
     </span>
    </p>

    <p class='ocr_par' dir='ltr' id='par_1_7' title="bbox 34 1608 1596 1749">
     <span class='ocr_line' id='line_1_17' title="bbox 34 1608 1596 1670; baseline -0.003 -13"><span class='ocrx_word' id='word_1_107' title='bbox 34 1610 166 1657; x_wconf 87' lang='lat' dir='ltr'>Dum</span> <span class='ocrx_word' id='word_1_108' title='bbox 202 1612 362 1666; x_wconf 82' lang='lat' dir='ltr'>vacat,</span> <span class='ocrx_word' id='word_1_109' title='bbox 388 1612 439 1654; x_wconf 87' lang='lat' dir='ltr'>et</span> <span class='ocrx_word' id='word_1_110' title='bbox 470 1612 701 1653; x_wconf 86' lang='lat' dir='ltr'>metuunt</span> <span class='ocrx_word' id='word_1_111' title='bbox 739 1608 906 1654; x_wconf 88' lang='lat' dir='ltr'>hostes</span> <span class='ocrx_word' id='word_1_112' title='bbox 939 1608 1247 1654; x_wconf 71' lang='lat' dir='ltr'>committere</span> <span class='ocrx_word' id='word_1_113' title='bbox 1271 1622 1501 1670; x_wconf 87' lang='lat' dir='ltr'>pugnam,</span> <span class='ocrx_word' id='word_1_114' title='bbox 1540 1622 1596 1660; x_wconf 80' lang='grc'>565</span> 
     </span>
     <span class='ocr_line' id='line_1_18' title="bbox 99 1686 1136 1749; baseline -0.001 -14"><span class='ocrx_word' id='word_1_115' title='bbox 99 1689 314 1735; x_wconf 90' lang='lat' dir='ltr'>Luditur</span> <span class='ocrx_word' id='word_1_116' title='bbox 353 1688 406 1734; x_wconf 87' lang='lat' dir='ltr'>in</span> <span class='ocrx_word' id='word_1_117' title='bbox 447 1687 650 1742; x_wconf 84' lang='lat' dir='ltr'>castris3</span> <span class='ocrx_word' id='word_1_118' title='bbox 693 1687 796 1733; x_wconf 88' lang='lat' dir='ltr'>otia</span> <span class='ocrx_word' id='word_1_119' title='bbox 834 1686 975 1734; x_wconf 82' lang='lat' dir='ltr'>miles</span> <span class='ocrx_word' id='word_1_120' title='bbox 1016 1687 1136 1749; x_wconf 88' lang='lat' dir='ltr'>agit.</span> 
     </span>
    </p>

    <p class='ocr_par' dir='ltr' id='par_1_8' title="bbox 33 1766 1355 1910">
     <span class='ocr_line' id='line_1_19' title="bbox 33 1766 1355 1832; baseline -0.002 -17"><span class='ocrx_word' id='word_1_121' title='bbox 33 1767 328 1832; x_wconf 83' lang='lat' dir='ltr'>Tarquinius</span> <span class='ocrx_word' id='word_1_122' title='bbox 365 1767 559 1814; x_wconf 85' lang='lat' dir='ltr'>iuvenis</span> <span class='ocrx_word' id='word_1_123' title='bbox 597 1766 750 1813; x_wconf 85' lang='lat' dir='ltr'>socios</span> <span class='ocrx_word' id='word_1_124' title='bbox 789 1767 1092 1829; x_wconf 81' lang='lat' dir='ltr'>dapibusque</span> <span class='ocrx_word' id='word_1_125' title='bbox 1128 1782 1355 1829; x_wconf 90' lang='lat' dir='ltr'>meroque</span> 
     </span>
     <span class='ocr_line' id='line_1_20' title="bbox 100 1846 1110 1910; baseline -0.002 -16"><span class='ocrx_word' id='word_1_126' title='bbox 100 1847 334 1910; x_wconf 82' lang='lat' dir='ltr'>Accipit3</span> <span class='ocrx_word' id='word_1_127' title='bbox 374 1862 434 1893; x_wconf 81' lang='lat' dir='ltr'>ex</span> <span class='ocrx_word' id='word_1_128' title='bbox 473 1846 575 1892; x_wconf 84' lang='lat' dir='ltr'>illis</span> <span class='ocrx_word' id='word_1_129' title='bbox 613 1862 726 1908; x_wconf 90' lang='lat' dir='ltr'>rege</span> <span class='ocrx_word' id='word_1_130' title='bbox 767 1852 963 1893; x_wconf 88' lang='lat' dir='ltr'>creatus</span> <span class='ocrx_word' id='word_1_131' title='bbox 1005 1846 1110 1892; x_wconf 87' lang='lat' dir='ltr'>ait:</span> 
     </span>
    </p>

    <p class='ocr_par' dir='ltr' id='par_1_9' title="bbox 35 1926 1599 2069">
     <span class='ocr_line' id='line_1_21' title="bbox 35 1926 1310 1988; baseline -0.001 -14"><span class='ocrx_word' id='word_1_132' title='bbox 35 1929 167 1974; x_wconf 86' lang='lat' dir='ltr'>Dum</span> <span class='ocrx_word' id='word_1_133' title='bbox 206 1943 295 1973; x_wconf 88' lang='lat' dir='ltr'>nos</span> <span class='ocrx_word' id='word_1_134' title='bbox 334 1926 571 1972; x_wconf 87' lang='lat' dir='ltr'>sollicitos</span> <span class='ocrx_word' id='word_1_135' title='bbox 608 1926 748 1988; x_wconf 89' lang='lat' dir='ltr'>pigro</span> <span class='ocrx_word' id='word_1_136' title='bbox 787 1930 926 1972; x_wconf 85' lang='lat' dir='ltr'>tenet</span> <span class='ocrx_word' id='word_1_137' title='bbox 962 1927 1130 1972; x_wconf 78' lang='lat' dir='ltr'>Ardea</span> <span class='ocrx_word' id='word_1_138' title='bbox 1166 1926 1310 1984; x_wconf 84' lang='lat' dir='ltr'>bello,</span> 
     </span>
     <span class='ocr_line' id='line_1_22' title="bbox 100 2006 1599 2069; baseline -0.001 -14"><span class='ocrx_word' id='word_1_139' title='bbox 100 2010 204 2055; x_wconf 84' lang='lat' dir='ltr'>Nec</span> <span class='ocrx_word' id='word_1_140' title='bbox 246 2007 368 2054; x_wconf 89' lang='lat' dir='ltr'>sinit</span> <span class='ocrx_word' id='word_1_141' title='bbox 406 2007 468 2052; x_wconf 88' lang='lat' dir='ltr'>ad</span> <span class='ocrx_word' id='word_1_142' title='bbox 507 2006 693 2069; x_wconf 86' lang='lat' dir='ltr'>patrios</span> <span class='ocrx_word' id='word_1_143' title='bbox 730 2023 865 2052; x_wconf 86' lang='lat' dir='ltr'>arma</span> <span class='ocrx_word' id='word_1_144' title='bbox 905 2006 1089 2053; x_wconf 88' lang='lat' dir='ltr'>referre</span> <span class='ocrx_word' id='word_1_145' title='bbox 1127 2008 1255 2063; x_wconf 86' lang='lat' dir='ltr'>deos,</span> <span class='ocrx_word' id='word_1_146' title='bbox 1541 2032 1599 2062; x_wconf 75' lang='lat'>570</span> 
     </span>
    </p>

    <p class='ocr_par' dir='ltr' id='par_1_10' title="bbox 39 2085 1362 2230">
     <span class='ocr_line' id='line_1_23' title="bbox 39 2085 1362 2151; baseline -0.002 -16"><span class='ocrx_word' id='word_1_147' title='bbox 39 2089 221 2151; x_wconf 82' lang='lat' dir='ltr'>Ecquid</span> <span class='ocrx_word' id='word_1_148' title='bbox 259 2087 311 2134; x_wconf 90' lang='lat' dir='ltr'>in</span> <span class='ocrx_word' id='word_1_149' title='bbox 353 2087 505 2133; x_wconf 89' lang='lat' dir='ltr'>officio</span> <span class='ocrx_word' id='word_1_150' title='bbox 545 2090 684 2132; x_wconf 89' lang='lat' dir='ltr'>torus</span> <span class='ocrx_word' id='word_1_151' title='bbox 722 2090 799 2132; x_wconf 84' lang='lat' dir='ltr'>est</span> <span class='ocrx_word' id='word_1_152' title='bbox 839 2085 1065 2133; x_wconf 66' lang='lat' dir='ltr'>socialis?</span> <span class='ocrx_word' id='word_1_153' title='bbox 1102 2090 1153 2132; x_wconf 87' lang='lat' dir='ltr'>et</span> <span class='ocrx_word' id='word_1_154' title='bbox 1190 2085 1362 2148; x_wconf 88' lang='lat' dir='ltr'>ecquid</span> 
     </span>
     <span class='ocr_line' id='line_1_24' title="bbox 101 2165 1235 2230; baseline -0.002 -16"><span class='ocrx_word' id='word_1_155' title='bbox 101 2167 402 2230; x_wconf 80' lang='lat' dir='ltr'>Coniugibus</span> <span class='ocrx_word' id='word_1_156' title='bbox 442 2165 627 2212; x_wconf 85' lang='lat' dir='ltr'>nostris</span> <span class='ocrx_word' id='word_1_157' title='bbox 667 2169 842 2210; x_wconf 85' lang='lat' dir='ltr'>mutua</span> <span class='ocrx_word' id='word_1_158' title='bbox 881 2181 998 2212; x_wconf 87' lang='lat' dir='ltr'>cura</span> <span class='ocrx_word' id='word_1_159' title='bbox 1035 2167 1235 2212; x_wconf 64' lang='lat' dir='ltr'>sumus?</span> 
     </span>
    </p>

    <p class='ocr_par' dir='ltr' id='par_1_11' title="bbox 35 2232 1474 2388">
     <span class='ocr_line' id='line_1_25' title="bbox 35 2232 1474 2309; baseline -0.001 -17"><span class='ocrx_word' id='word_1_160' title='bbox 35 2247 248 2309; x_wconf 81' lang='lat' dir='ltr'>Quisque</span> <span class='ocrx_word' id='word_1_161' title='bbox 285 2263 422 2293; x_wconf 84' lang='lat' dir='ltr'>suam</span> <span class='ocrx_word' id='word_1_162' title='bbox 463 2245 667 2303; x_wconf 83' lang='lat' dir='ltr'>laudat3</span> <span class='ocrx_word' id='word_1_163' title='bbox 710 2244 890 2292; x_wconf 90' lang='lat' dir='ltr'>studiis</span> <span class='ocrx_word' id='word_1_164' title='bbox 927 2232 1197 2292; x_wconf 79' lang='lat' dir='ltr'>certamina</span> <span class='ocrx_word' id='word_1_165' title='bbox 1233 2249 1474 2303; x_wconf 86' lang='lat' dir='ltr'>crescunt,</span> 
     </span>
     <span class='ocr_line' id='line_1_26' title="bbox 101 2323 1295 2388; baseline -0.002 -14"><span class='ocrx_word' id='word_1_166' title='bbox 101 2329 166 2374; x_wconf 85' lang='lat' dir='ltr'>Et</span> <span class='ocrx_word' id='word_1_167' title='bbox 202 2327 399 2374; x_wconf 85' lang='lat' dir='ltr'>fervent</span> <span class='ocrx_word' id='word_1_168' title='bbox 435 2324 592 2372; x_wconf 86' lang='lat' dir='ltr'>multo</span> <span class='ocrx_word' id='word_1_169' title='bbox 633 2323 898 2387; x_wconf 86' lang='lat' dir='ltr'>linguaque</span> <span class='ocrx_word' id='word_1_170' title='bbox 935 2341 1111 2388; x_wconf 87' lang='lat' dir='ltr'>corque</span> <span class='ocrx_word' id='word_1_171' title='bbox 1147 2340 1295 2372; x_wconf 85' lang='lat' dir='ltr'>mero.</span> 
     </span>
    </p>

    <p class='ocr_par' dir='ltr' id='par_1_12' title="bbox 36 2403 1596 2549">
     <span class='ocr_line' id='line_1_27' title="bbox 36 2403 1596 2469; baseline -0.002 -16"><span class='ocrx_word' id='word_1_172' title='bbox 36 2407 218 2469; x_wconf 86' lang='lat' dir='ltr'>Surgit,</span> <span class='ocrx_word' id='word_1_173' title='bbox 254 2407 335 2455; x_wconf 82' lang='lat' dir='ltr'>cui</span> <span class='ocrx_word' id='word_1_174' title='bbox 364 2406 568 2452; x_wconf 78' lang='lat' dir='ltr'>dederat</span> <span class='ocrx_word' id='word_1_175' title='bbox 604 2403 792 2450; x_wconf 89' lang='lat' dir='ltr'>clarum</span> <span class='ocrx_word' id='word_1_176' title='bbox 833 2404 1046 2452; x_wconf 84' lang='lat' dir='ltr'>Collatia</span> <span class='ocrx_word' id='word_1_177' title='bbox 1085 2420 1263 2451; x_wconf 90' lang='lat' dir='ltr'>nomen</span> <span class='ocrx_word' id='word_1_178' title='bbox 1279 2420 1294 2464; x_wconf 78' lang='lat'>3</span> <span class='ocrx_word' id='word_1_179' title='bbox 1540 2430 1596 2461; x_wconf 69' lang='lat'>575</span> 
     </span>
     <span class='ocr_line' id='line_1_28' title="bbox 100 2471 1250 2549; baseline -0.002 -15"><span class='ocrx_word' id='word_1_180' title='bbox 100 2488 150 2534; x_wconf 86' lang='lat' dir='ltr'>N</span> <span class='ocrx_word' id='word_1_181' title='bbox 153 2504 216 2534; x_wconf 91' lang='lat' dir='ltr'>on</span> <span class='ocrx_word' id='word_1_182' title='bbox 239 2471 376 2549; x_wconf 32' lang='lat' dir='ltr'>&#39;opus</span> <span class='ocrx_word' id='word_1_183' title='bbox 416 2491 492 2533; x_wconf 89' lang='lat' dir='ltr'>est</span> <span class='ocrx_word' id='word_1_184' title='bbox 532 2483 713 2542; x_wconf 84' lang='lat' dir='ltr'>verbis,</span> <span class='ocrx_word' id='word_1_185' title='bbox 738 2484 923 2531; x_wconf 90' lang='lat' dir='ltr'>credite</span> <span class='ocrx_word' id='word_1_186' title='bbox 965 2485 1127 2543; x_wconf 88' lang='lat' dir='ltr'>rebus,</span> <span class='ocrx_word' id='word_1_187' title='bbox 1165 2485 1250 2532; x_wconf 85' lang='lat' dir='ltr'>ait.</span> 
     </span>
    </p>

    <p class='ocr_par' dir='ltr' id='par_1_13' title="bbox 38 2564 1505 2628">
     <span class='ocr_line' id='line_1_29' title="bbox 38 2564 1505 2628; baseline 0.003 -16"><span class='ocrx_word' id='word_1_188' title='bbox 38 2567 148 2613; x_wconf 84' lang='lat' dir='ltr'>Nox</span> <span class='ocrx_word' id='word_1_189' title='bbox 184 2570 436 2628; x_wconf 72' lang='lat' dir='ltr'>superest:</span> <span class='ocrx_word' id='word_1_190' title='bbox 476 2567 716 2618; x_wconf 79' lang='lat' dir='ltr'>tollamur</span> <span class='ocrx_word' id='word_1_191' title='bbox 754 2564 905 2626; x_wconf 68' lang='lat' dir='ltr'>equis,</span> <span class='ocrx_word' id='word_1_192' title='bbox 948 2564 1232 2626; x_wconf 82' lang='lat' dir='ltr'>Urbemque</span> <span class='ocrx_word' id='word_1_193' title='bbox 1269 2569 1505 2627; x_wconf 73' lang='lat' dir='ltr'>petamus.</span> 
     </span>
    </p>
   </div>
   <div class='ocr_carea' id='block_1_5' title="bbox 1303 2650 1429 2708">
    <p class='ocr_par' dir='ltr' id='par_1_14' title="bbox 1303 2650 1429 2708">
     <span class='ocr_line' id='line_1_30' title="bbox 1303 2650 1429 2708; baseline 0 -11"><span class='ocrx_word' id='word_1_194' title='bbox 1303 2650 1429 2708; x_wconf 44' lang='lat' dir='ltr'>ss&gt;</span> 
     </span>
    </p>
   </div>
  </div>
 </body>
</html>
