1788 2980
56 196 120 229 ιν.
130 183 146 245 j
680 182 719 225 A
732 181 904 226 PJeJL.
1447 185 1533 229 117

53 290 141 346 Tu,
177 290 280 346 dea,
318 305 404 350 pro
441 288 580 334 nobis
615 287 778 333 fontes
814 287 1114 348 fontanaque
1150 288 1287 349 placa

119 367 168 413 Ν
172 366 366 426 umina3
413 371 467 412 tu
503 382 696 428 sparsos
730 382 815 428 per
849 381 1019 411 nemus
1054 382 1194 412 omne
1231 367 1359 414 deos„

55 447 157 492 Nec
193 446 434 506 Dryadas,
471 461 559 492 nec
593 461 682 491 nos
717 445 969 491 videamus
1005 445 1145 490 labra
1180 446 1369 492 Dianae

119 526 167 571 N
171 542 222 571 ec
259 527 495 583 Faunum,
533 525 690 571 medio
725 541 834 571 cum
869 524 1048 586 premit
1082 541 1201 571 arva
1237 526 1327 572 die.
1550 543 1607 583 690

55 606 188 652 Pelle
223 605 390 669 procul
425 606 631 652 morbos.
703 605 921 651 Valeant
956 604 1269 666 hominesque
1304 622 1570 668 gregesque
1588 622 1599 663 3

121 687 185 731 Et
220 685 418 731 valeant
452 684 643 746 vigiles,
681 685 885 746 provida
919 685 1081 742 turba,
1117 701 1274 731 canes.

57 766 191 811 Neve
227 764 388 810 minus
424 764 605 810 multos
641 764 873 826 redigam,
910 780 1056 826 quam
1091 781 1233 810 mane
1268 765 1486 822 fuerunt,

121 845 259 891 Neve
293 861 481 906 gemam
516 844 732 890 referens
768 844 951 890 vellera
985 848 1128 905 rapta
1162 844 1291 906 lupo.

54 925 204 983 Absit
239 925 407 987 iniqua
441 925 607 971 fames.
680 925 878 970 Herbae
913 924 1205 986 frondesque
1241 925 1504 987 supersint,
1552 941 1610 977 605

120 1005 347 1066 Quaeque
382 1005 550 1051 lavent
581 1009 740 1063 artus,
773 1019 990 1066 quaeque
1025 1004 1273 1062 bibantur,
1310 1021 1476 1066 aquae,

56 1085 222 1131 Ubela
258 1085 402 1147 plena
435 1099 682 1146 premam;
727 1083 912 1130 referat
946 1083 1067 1129 mihi
1102 1099 1270 1130 caseus
1305 1100 1432 1139 aera,

121 1165 350 1226 Dentque
386 1165 516 1210 viam
551 1164 739 1226 liquido
774 1163 961 1210 vimina
995 1180 1107 1209 rara
1141 1179 1280 1221 sero3

58 1244 286 1304 Lana-que
321 1242 594 1305 proveniat,
627 1242 790 1289 nullas
826 1242 1018 1289 laesura
1053 1242 1257 1304 puellas,

121 1321 304 1379 Mollis,
340 1326 391 1368 et
425 1322 486 1368 ad
522 1326 717 1368 teneras
752 1321 1024 1383 quamlibet
1057 1325 1174 1382 apta
1208 1336 1393 1367 manus.
1554 1347 1611 1375 700

55 1402 186 1457 Quae
221 1416 402 1463 precor,
438 1400 698 1447 eveniantz
746 1405 795 1447 et
830 1416 918 1446 nos
953 1399 1188 1446 faciamus
1222 1399 1284 1445 ad
1320 1415 1500 1444 annum

121 1480 382 1525 Pastorum
417 1479 640 1525 dominae
675 1479 882 1540 grandia
917 1478 1018 1524 liba
1052 1477 1177 1524 Pali.
1289 1468 1355 1480 ’ψ

58 1556 152 1602 His
189 1557 277 1603 dea
313 1556 552 1618 placanda
586 1561 690 1603 est:
739 1555 856 1601 haee
890 1560 947 1600 tu
982 1570 1244 1601 conversus
1278 1555 1340 1601 ad
1376 1560 1514 1601 ortus

124 1637 216 1683 Dic
250 1641 438 1698 quater,
477 1641 527 1682 et
561 1635 677 1682 vivo
713 1635 881 1697 perlue
916 1650 1025 1680 rore
1060 1651 1246 1681 manus.

0 1714 1 1740 ³
36 1716 179 1761 ,Tum
216 1716 345 1773 licet,
380 1715 619 1778 apposita,
656 1714 814 1761 veluti
849 1718 1052 1771 cratere,
1089 1714 1307 1772 camella,
1556 1740 1611 1769 705

125 1797 221 1842 Lac
257 1795 454 1842 niveum
489 1799 628 1857 potes
663 1809 1049 1856 purpureamque
1084 1809 1283 1855 sapam3

62 1876 272 1937 Moxque
305 1892 391 1938 per
423 1875 652 1922 ardentes
687 1875 898 1937 stipulae
931 1876 1220 1939 crepitantis
1254 1892 1451 1923 acervos

125 1954 358 2002 Traiioias
393 1955 538 2001 celeri
574 1960 775 2002 strenua
810 1957 1026 2002 membra
1062 1957 1193 2019 pede.

73 2127 176 2177 thy
195 2128 555 2179 wasyurvficacion
576 2128 624 2178 by
634 2129 723 2220 Ijgere
741 2129 826 2167 and
852 2133 976 2192 φαῖεν
997 2131 1163 2180 adopted
1190 2134 1233 2170 at
1261 2096 1322 2170 ch}
1350 2132 1536 2171 Palilia?

691 2194 807 2220 asons
833 2195 960 2232 qzven.

73 2288 333 2350 Expositus
368 2303 471 2333 mos
507 2292 595 2346 est,
633 2289 781 2335 moris
817 2289 937 2335 mihi
972 2296 1130 2337 restat
1164 2292 1328 2354 origo:

130 2366 295 2413 Turba
327 2365 448 2412 facit
483 2367 700 2425 dubium,
737 2374 1001 2431 coeptaque
1035 2375 1206 2416 nostra
1239 2376 1391 2417 tenet.
1559 2398 1613 2427 με

68 2444 242 2492 Omnia
275 2449 454 2507 purgat
487 2445 612 2492 edax
645 2445 791 2508 ignis,
827 2446 1102 2509 vitiumque
1138 2449 1352 2495 metallis

134 2523 408 2585 Excoquit3
452 2523 632 2570 idcirco
665 2541 775 2570 cum
810 2525 930 2572 duce
965 2532 1144 2589 purgat
1178 2533 1319 2577 oves?

73 2605 169 2659 An,
204 2602 317 2665 quia
351 2608 636 2649 cunctarum
670 2605 916 2651 contraria
950 2606 1136 2652 semina
1168 2622 1328 2653 rerum
