1788 2980
96 163 194 229 m]
691 163 947 212 MARGH.
1494 162 1555 207 59

103 362 208 411 Why
237 361 298 399 clae
326 362 503 399 amianas
530 361 614 400 had
640 361 737 411 only
765 364 828 399 ten
849 361 976 399 lunar
1005 360 1160 398 moncks
1188 360 1233 398 in
1261 359 1322 398 the
1350 371 1472 408 year:
1505 358 1565 396 clm

93 415 219 464 rouyh
241 415 407 453 soldiers
437 414 547 453 knew
569 415 1079 506 nothinyncgmczset’ronomy,
1113 418 1177 451 cen
1209 425 1288 451 was
1315 425 1341 450 a
1358 412 1567 462 favourice

91 575 195 621 Nec
234 574 439 620 totidem
475 579 679 630 veteres,
705 579 826 635 quot
862 590 1003 630 nunc,
1045 574 1256 619 habuere
1293 571 1528 618 kalendas
1545 587 1557 628 ,'

157 654 251 700 Ille
291 654 450 699 minor
488 653 697 715 geminis
732 654 982 700 mensibus
1024 670 1183 699 annus
1224 659 1342 700 erat.

91 736 325 782 Nondum
367 735 642 781 tradiderat
679 735 837 781 victas
875 735 1147 781 victoribus
1187 741 1318 780 artes

157 815 375 871 Graecia,
416 815 682 860 facundum
723 815 806 860 sed
844 814 970 860 male
1010 814 1137 860 forte
1179 830 1345 876 genus.

91 894 184 949 Qui
224 894 343 939 bene
380 894 646 955 pugnabat,
686 893 958 939 Romanam
998 898 1202 941 noverat
1242 898 1426 946 artem3
1607 917 1641 947 9³

157 973 362 1018 Mittere
401 973 485 1034 qui
524 978 718 1035 poterat
760 973 873 1035 pila,
918 972 1132 1018 disertus
1170 979 1289 1019 erat.

0 1048 23 1079 Q
91 1053 209 1109 Quis
247 1057 365 1097 tunc
405 1057 493 1097 aut
530 1052 752 1113 Hyadas,
795 1057 883 1098 aut
921 1051 1148 1097 Pleiadas
1182 1052 1448 1098 Atlanteas

155 1132 398 1188 Senserat,
440 1136 526 1176 aut
566 1131 786 1193 geminos
827 1146 930 1177 esse
969 1131 1059 1176 sub
1096 1147 1184 1176 axe
1224 1131 1389 1193 polos?

91 1212 209 1256 Esse
243 1210 364 1256 duas
401 1211 598 1267 Arctos,
636 1226 843 1271 quarum
884 1210 1135 1271 Cynosura
1171 1217 1368 1272 petatur

155 1290 382 1348 Sidoniis,
423 1289 631 1335 Helicen
674 1289 824 1335 Graia
866 1289 1033 1335 carina
1074 1293 1244 1336 notet?
1590 1318 1643 1337 ιω

94 1369 353 1431 Signaque,
395 1384 518 1430 quae
560 1369 705 1430 longo
745 1369 900 1415 frater
940 1375 1220 1431 percenseat
1259 1387 1402 1428 anno,

161 1453 243 1498 Ire
284 1468 370 1514 per
407 1452 523 1497 haec
562 1468 657 1497 uno
695 1468 859 1498 mense
884 1452 1061 1497 sororis
1097 1454 1276 1513 equos?

95 1532 268 1578 Libera
307 1532 572 1578 currebant
610 1537 660 1577 et
697 1532 1013 1578 inobservata
1051 1548 1133 1593 per
1169 1548 1351 1576 annum

158 1613 358 1670 Sidera3
407 1613 666 1657 constabat
707 1613 790 1659 sed
832 1618 995 1658 tamen
1036 1629 1138 1658 esse
1177 1613 1302 1659 deos.

91 1692 203 1738 Non
245 1692 320 1737 illi
358 1691 489 1737 caelo
529 1690 746 1737 labentia
787 1691 928 1753 signa
969 1692 1218 1746 tenebant,
1589 1717 1642 1746 ¹05

155 1772 249 1818 Sed
289 1788 389 1828 sua,
430 1786 552 1832 quae
592 1786 822 1832 magnum
863 1771 1063 1832 perdere
1104 1771 1285 1816 crimen
1328 1777 1445 1817 erat.

91 1851 188 1896 Illa
226 1850 422 1912 quidem
449 1849 594 1897 faeno
611 1867 623 1909 3
650 1851 735 1897 sed
771 1854 877 1896 erat
914 1850 1191 1896 reverentia
1227 1852 1388 1908 faeno,

156 1929 401 1983 Quantam
442 1944 572 1974 nunc
612 1928 806 1989 aquilas
849 1928 1006 1974 cernis
1048 1928 1224 1974 habere
1266 1936 1389 1975 tuas.

91 2007 286 2053 Pertica
323 2022 581 2068 suspensos
623 2007 854 2069 portabat
892 2006 1038 2068 longa
1077 2007 1344 2068 maniplos:

156 2086 304 2133 Unde
343 2084 631 2147 maniplaris
670 2085 869 2131 nomina
907 2085 1047 2131 miles
1086 2085 1247 2132 habet.
1591 2113 1644 2133 uc

94 2166 221 2226 Ergo
261 2164 414 2210 animi
457 2164 694 2210 indociles
732 2170 783 2210 et
820 2164 979 2210 adhuc
1020 2164 1210 2211 ratione
1251 2170 1470 2213 carentes

158 2244 415 2290 Mensibus
454 2250 660 2306 egerunt
701 2244 859 2290 lustra
899 2244 1088 2290 minora
1128 2239 1302 2291 decem.

92 2327 271 2370 Annus
309 2329 430 2381 erat,
469 2324 708 2370 decimum
745 2340 855 2370 cum
897 2324 1013 2369 luna
1049 2331 1296 2386 receperat
1333 2327 1525 2372 orbem:

159 2403 259 2449 Hic
296 2419 526 2449 numerus
564 2419 740 2464 magno
781 2408 899 2449 tunc
938 2403 988 2448 in
1030 2403 1210 2449 honore
1248 2404 1358 2459 fuit,

94 2482 188 2527 Seu
222 2481 351 2543 quod
388 2482 605 2543 adusque
639 2482 802 2527 decem
836 2497 1035 2527 numero
1066 2488 1311 2529 crescente
1337 2483 1533 2530 venitur
1550 2500 1562 2542 ς
1588 2508 1642 2537 ης

160 2560 466 2624 Principium
491 2560 666 2623 spatiis
703 2560 915 2607 sumitur
954 2560 1066 2607 inde
1107 2561 1259 2609 novis,
