1788 2980
29 150 112 216 η]
645 151 860 198 APHJL.
1398 153 1480 199 121

24 337 150 386 April
179 335 294 383 23rd,
325 335 409 375 md.
445 336 524 374 IX.
559 334 659 426 Κιᾶζ]
688 335 1011 428 Λ)Ῑῧι;.-Ζᾌέῃιρίε
1049 337 1096 386 of
1126 337 1258 376 Venus
1286 338 1331 387 of
1367 338 1489 386 Eryx.

657 400 688 426 ze
760 401 833 426 ma
853 401 910 428 za.

22 485 168 531 Dicta
210 483 352 530 Pales
391 483 566 542 nobis3
611 483 742 529 idem
779 484 985 530 Vinalia
1025 485 1213 531 dicam:

86 565 202 610 Una
239 568 405 609 tamen
443 563 604 609 media
642 568 718 609 est
755 563 887 609 inter
924 569 1182 626 utramque
1225 566 1340 612 dies.
1520 592 1576 621 79⁴:

20 643 220 705 Templa
256 643 562 705 frequentari
604 643 825 689 Collinae
861 644 1082 705 proxima
1123 650 1292 705 portae

85 724 232 770 Nunc
270 724 437 783 decet;
487 740 516 769 a
557 723 721 770 Siculo
766 724 966 770 nomina
1008 725 1130 770 colle
1168 730 1353 772 tenent.

22 804 188 865 thue
226 804 489 865 Syracusas
526 804 859 850 Arethusidas
896 805 1106 850 abstulit
1147 805 1294 850 armis

86 882 320 928 Claudius
360 887 411 928 et
449 883 578 928 bello
619 888 669 928 te
710 899 900 945 quoque
936 885 1079 945 cepit,
1125 885 1274 945 Eryx,

19 963 244 1010 Carmine
282 962 470 1010 vivacis
510 964 684 1009 Venus
725 968 801 1009 est
838 964 1084 1009 translata
1127 965 1358 1026 Sibyllae,
1518 990 1573 1020 795

85 1044 240 1105 Inque
278 1059 393 1090 suae
434 1043 604 1106 stirpis
647 1043 824 1089 maluit
863 1044 983 1090 urbe
1026 1045 1131 1091 coli.

28 1235 132 1285 thy
169 1233 311 1275 Venus'
331 1235 502 1285 festival
534 1236 568 1273 ’ἐς
596 1235 725 1274 called
765 1235 803 1273 V
802 1236 949 1284 ina-Zia,
984 1236 1069 1274 ancl
1099 1237 1189 1286 why
1217 1237 1382 1286 Jupiter
1410 1238 1494 1276 also

459 1290 495 1326 is
522 1288 726 1327 honoured
754 1301 803 1326 on
834 1289 920 1327 chat
948 1289 1044 1339 day.

0 1364 116 1431 ¹Cur
156 1384 311 1445 igitur
349 1383 559 1430 Veneris
598 1383 779 1430 festum
818 1384 1021 1430 Vinalia
1059 1384 1243 1442 dicant,

81 1460 344 1517 Quaeritis,
383 1465 434 1506 et
474 1476 623 1521 quare
664 1460 732 1506 sit
773 1460 908 1506 Iovis
947 1460 1045 1506 ista
1083 1461 1223 1508 dies?

15 1541 210 1586 Turnus
251 1557 313 1586 an
356 1541 550 1587 Aeneas
591 1539 763 1586 Latiae
797 1556 945 1601 gener
983 1547 1110 1587 esset
1148 1543 1374 1597 Amatae,

82 1620 275 1667 Bellum
317 1624 450 1665 erat:
500 1621 733 1666 Etruscas
772 1620 967 1665 Turnus
1007 1621 1180 1666 adorat
1220 1636 1345 1682 opes.
1518 1637 1575 1667 800

17 1700 189 1747 Clarus
230 1704 336 1746 erat
372 1699 675 1762 sumptisque
714 1698 853 1745 ferox
894 1699 1171 1746 Mezentius
1209 1700 1371 1757 armis,

83 1781 149 1826 Et
190 1780 269 1826 vel
310 1795 432 1841 equo
470 1795 692 1841 magnus,
734 1778 811 1824 vel
854 1779 975 1840 pede
1015 1778 1170 1824 maior
1207 1784 1325 1825 erat.

15 1859 168 1915 Quem
207 1859 386 1905 Rutuli
426 1859 717 1920 Turnusque
758 1857 860 1904 suis
900 1858 1168 1905 adsciscere
1208 1863 1458 1921 temptant

81 1938 327 1985 Partibus.
400 1938 538 1984 Haec
575 1942 748 1983 contra
789 1938 890 1983 dux
927 1937 1000 1984 ita
1035 1927 1221 1984 Tuscus
1257 1937 1361 1983 ait:

16 2017 128 2063 Stat
164 2017 285 2063 mihi
322 2034 421 2063 non
461 2032 612 2079 parvo
653 2016 816 2063 virtus
852 2032 972 2063 mea.
1042 2017 1268 2062 Vulnera
1307 2022 1476 2072 testor,
1516 2032 1573 2071 805

80 2099 346 2160 Armaque,
387 2113 511 2160 quae
548 2096 705 2159 sparsi
743 2097 983 2159 sanguine
1018 2112 1162 2159 saepe
1202 2112 1335 2142 meo:

16 2177 110 2234 Qui
147 2177 275 2240 petis
313 2176 570 2233 auxilium,
613 2192 711 2222 non
749 2176 957 2238 grandia
995 2174 1176 2243 divido.
1199 2190 1385 2221 mecum

82 2256 307 2303 Praemia
347 2256 406 2302 de
445 2256 646 2302 lacubus
682 2256 905 2318 proxima
944 2259 1107 2301 musta
1147 2255 1259 2300 tuis.

18 2337 170 2383 Nulla
184 2353 320 2383 mora
338 2341 413 2382 est
429 2351 602 2398 operae
611 2352 625 2394 3
649 2340 869 2382 vestrum
887 2336 1015 2393 dare,
1033 2335 1227 2382 vincere
1242 2339 1465 2379 nostrum
1480 2341 1570 2380 est.

83 2417 239 2472 Quam
275 2415 398 2462 velit
434 2403 627 2461 Aeneas
664 2416 762 2461 ista
797 2420 977 2477 negata
1010 2415 1164 2460 mihil
1513 2431 1572 2462 διο

21 2499 312 2544 Annuerant
348 2495 554 2541 Rutuli:
601 2495 879 2541 Mezentius
918 2495 1085 2540 induit
1120 2510 1267 2541 arma,

82 2574 258 2625 Induit
293 2575 500 2634 Aeneas,
543 2574 906 2637 alloquiturque
947 2574 1143 2622 Iovem.-
