1788 2980
0 262 1 265 Ἴ
72 192 139 256 v.]
727 193 882 239 MAY.
1446 195 1535 240 139

72 297 268 361 Excipit
304 298 516 361 hospitio
551 299 780 346 iuvenem
815 299 1098 361 Philyreius
1135 300 1310 359 heros3

136 379 202 425 Et
237 395 431 425 causam
466 380 710 426 adventus
745 379 824 426 hic
859 384 1015 442 rogat,
1051 380 1138 427 ille
1173 381 1326 428 docet.

70 459 311 522 Perspicit
345 459 536 506 interea
569 460 758 506 clavam
791 460 1094 522 spoliumque
1130 461 1300 518 leonis,
1569 486 1624 516 ³4⁵

133 540 322 601 Virque
356 540 442 597 ait,
479 540 556 586 his
591 540 753 597 armis,
791 557 1019 602 armaque
1055 541 1205 603 digna
1237 541 1359 588 viro.

67 620 116 664 N
120 635 172 665 ec
208 635 271 676 se,
307 620 426 681 quin
462 620 664 666 horrens
700 621 939 666 auderent
974 626 1177 682 tangere
1212 621 1361 667 saetis

132 697 324 755 VeHus,
361 699 616 745 Achilleae
651 699 936 745 continuere
972 716 1158 746 manus.

67 778 292 839 Dumque
327 793 475 824 senex
509 783 695 824 tractat
730 779 1007 840 squalentia
1041 780 1143 825 tela
1178 780 1396 837 venenis,

133 858 332 904 Excidit
367 862 418 904 et
452 859 591 905 laevo
627 860 723 904 fixa
758 860 943 921 sagitta
984 861 1105 922 pede
1140 865 1229 906 est.
1568 886 1624 915 350

61 936 316 997 Ingemuit
343 935 527 982 Chiron
554 936 809 998 traxitque
835 952 861 982 e
886 952 1089 999 corpore
1115 936 1305 984 ferrum
1324 955 1336 997 3

126 1016 364 1078 Adgemit
392 1017 604 1074 Alcides,
635 1017 1041 1079 Haemoniusque
1066 1035 1202 1080 puer.

65 1097 178 1159 Ipse
212 1102 379 1144 tamen
415 1097 568 1144 lectas
603 1097 864 1160 Pagasaeis
899 1098 1107 1145 collibus
1142 1099 1319 1145 herbas

129 1177 401 1239 Temperat,
441 1184 492 1225 et
520 1195 650 1226 vana
679 1178 886 1224 vulnera
920 1178 1101 1224 mulcet
1137 1194 1238 1240 ope.

65 1255 219 1302 Virus
254 1257 379 1303 edax
415 1259 677 1319 superabat
713 1273 867 1319 opem,
905 1257 1198 1319 penitusque
1232 1262 1427 1320 recepta
1564 1284 1620 1314 355

131 1335 335 1383 Ossibus
370 1341 421 1383 et
455 1341 562 1383 toto
597 1352 795 1399 corpore
832 1337 983 1398 pestis
1020 1342 1139 1384 erat.

64 1415 312 1477 Sanguine
348 1416 583 1463 Centauri
619 1417 864 1462 Lernaeae
899 1417 1098 1479 sanguis
1134 1417 1386 1464 Echidnae

131 1495 325 1542 Mixtus
359 1497 421 1543 ad
457 1495 700 1542 auxilium
735 1500 957 1558 tempora
991 1496 1131 1542 nulla
1166 1497 1332 1542 dabat.

65 1575 254 1633 Stabat,
290 1579 347 1621 ut
382 1580 499 1622 ante
536 1581 740 1637 patrem,
779 1576 993 1622 lacrimis
1029 1576 1255 1638 perfusus
1290 1577 1540 1624 Achillesz

131 1655 209 1702 Sic
244 1656 432 1702 flendus
468 1656 659 1713 Peleus,
698 1656 738 1701 si
774 1661 1063 1714 moreretur,
1100 1662 1220 1703 erat.
1563 1675 1621 1713 360

64 1736 216 1798 Saepe
249 1752 422 1782 manus
457 1752 627 1798 aegras
663 1736 892 1783 manibus
927 1737 1144 1798 fingebat
1178 1737 1347 1783 amicis
1364 1755 1378 1796 ς

130 1812 342 1870 Morum,
377 1829 497 1874 quos
532 1813 665 1870 fecit,
703 1813 917 1875 praemia
952 1814 1123 1860 doctor
1157 1813 1319 1862 habet.

64 1891 242 1938 Oscula
276 1907 418 1953 saepe
453 1892 590 1938 dedit
609 1908 622 1950 3
668 1892 797 1937 dixit
831 1908 1022 1954 quoque
1057 1908 1199 1954 saepe
1234 1892 1443 1939 iacenti:

131 1971 275 2030 Vive,
311 1988 494 2034 precor,
530 1988 618 2018 nec
653 1988 729 2018 me
765 1988 873 2018 care
909 1972 1131 2034 relinque
1165 1978 1319 2035 pater.

190 2117 355 2167 Chiron,
389 2119 527 2169 dyinq,
562 2119 598 2157 is
626 2118 898 2169 transsornwd
925 2119 1009 2157 into
1037 2119 1099 2157 the
1132 2119 1429 2161 Constellation.

64 2220 211 2266 Nona
246 2220 350 2268 dies
385 2222 558 2267 aderat
599 2237 709 2267 cum
742 2226 816 2279 tu,
852 2220 1122 2267 iustissime
1159 2221 1358 2280 Chiron,
1564 2239 1620 2279 365

131 2300 217 2347 Bis
253 2305 438 2363 septem
473 2301 635 2348 stellis
669 2317 871 2363 corpora
904 2301 1094 2347 cinctus
1130 2317 1249 2349 eras.

222 2450 324 2501 May
353 2451 434 2499 5th,
466 2450 546 2490 ad.
580 2451 670 2491 III.
704 2452 809 2491 Non.
842 2450 1154 2499 Mai.—-Risiny
1182 2451 1228 2501 qs
1250 2451 1376 2501 Lyra.

66 2544 215 2591 Hunc
248 2545 381 2606 Lyra
403 2561 554 2591 curva
576 2544 713 2606 sequi
736 2552 935 2607 cuperet
955 2561 968 2603 3
1003 2545 1087 2591 sed
1116 2545 1291 2592 idonea
1316 2547 1531 2599 nondum

131 2623 221 2670 Est
255 2624 350 2670 via.
422 2623 537 2670 Nox
571 2629 742 2685 aptum
777 2624 928 2674 tertia
963 2628 1156 2687 tempus
1191 2624 1300 2672 erit.
