1788 2980
273 161 333 207 66
769 157 997 206 OVIDII
1036 159 1246 207 FASTJ.
1618 161 1724 225 [Lm
1753 0 1781 202 ς

270 269 438 330 Atque
473 267 664 330 aliquis,
701 267 844 313 modo
879 271 1012 326 trux,
1048 269 1156 315 visa
1191 269 1288 314 iam
1323 271 1539 317 vertitur
1571 288 1672 329 ara,

336 349 566 411 Vinaque
602 348 689 394 dat
721 347 904 410 tepidis
939 348 1163 410 salsaque
1197 348 1332 395 farra
1365 349 1500 397 focis.
1580 356 1672 440 ss

261 531 498 570 Portentous
525 531 857 571 thunozerstorms.
890 530 1042 580 quria
1060 531 1216 570 advises
1237 532 1382 572 Numa
1410 537 1445 572 to
1472 533 1559 573 seek
1584 537 1739 573 counsel

261 586 309 635 qs
328 585 452 624 Picus
480 585 566 623 a‘nd
591 585 776 624 Faunus.
827 585 891 624 He
919 588 1101 634 capturas
1130 586 1234 624 them
1261 586 1347 625 and
1374 588 1541 636 compcls
1569 588 1672 626 them
1699 591 1736 626 to

893 638 984 687 help
1012 638 1111 678 him.

1781 702 1785 725 i

269 748 392 794 Ecce
427 747 571 793 deum
607 746 802 808 genitor
835 746 1013 792 rutilas
1049 763 1134 808 per
1169 747 1339 793 nubila
1374 748 1590 794 flammas
1782 730 1785 759 ἔ

334 826 548 889 Spargit,
585 831 635 872 et
670 825 837 872 effusis
872 825 1072 872 aethera
1106 826 1256 873 siccat
1291 827 1444 889 aquis,

184 931 238 961 275
263 907 379 952 Non
415 905 537 951 alias
573 904 710 951 missi
746 904 960 951 cecidere
995 904 1305 967 frequentius
1340 905 1493 967 ignes.

333 986 442 1033 Rex
477 989 639 1048 pavet,
676 988 726 1031 et
761 984 899 1047 vulgi
935 989 1131 1047 pectora
1165 990 1326 1032 terror
1359 985 1524 1032 habet.

267 1065 358 1111 Oui
394 1065 499 1123 dea,
536 1065 615 1111 Ne
650 1064 858 1111 nimium
892 1068 1078 1111 terrere
1097 1080 1110 1124 3
1156 1064 1338 1128 piabile
1372 1065 1561 1112 fulmen

333 1144 440 1203 Est,
477 1145 564 1204 ait,
601 1149 652 1191 et
687 1143 820 1191 saevi
855 1143 1074 1190 flectitur
1096 1144 1171 1191 ira
1205 1144 1353 1194 Iovis.

265 1227 357 1273 Sed
396 1230 629 1288 poterunt
663 1226 817 1272 ritum
853 1226 1000 1272 Picus
1041 1227 1335 1289 Faunusque
1370 1227 1539 1290 piandi

177 1322 232 1350 28,
325 1307 551 1365 Tradere,
588 1306 799 1353 Romani
835 1322 1015 1352 numen
1057 1311 1262 1369 uterque
1297 1307 1404 1354 soli.

265 1386 370 1433 Nec
405 1387 510 1433 sine
544 1386 595 1434 vi
630 1387 862 1446 tradent3
908 1387 1086 1433 adhibe
1122 1391 1179 1433 tu
1215 1387 1414 1434 vincula
1448 1388 1620 1451 captis.

329 1470 500 1531 Atque
535 1469 622 1527 ita,
658 1485 755 1531 qua
790 1468 995 1531 possint,
1026 1468 1205 1527 erudit,
1243 1474 1349 1516 arte
1374 1470 1493 1532 capi.

266 1549 427 1596 Lucus
461 1549 717 1596 Aventino
753 1549 954 1596 suberat
989 1549 1129 1612 niger
1162 1549 1289 1596 ilicis
1325 1550 1512 1608 umbra,

332 1629 436 1685 Quo
471 1645 635 1695 posses
668 1628 774 1675 viso
811 1629 984 1687 dicere,
1020 1644 1201 1675 numen
1236 1629 1380 1676 inest.

179 1725 235 1763 285
260 1709 322 1754 In
357 1710 516 1756 medio
551 1725 767 1771 gramen,
803 1725 1064 1770 muscoque
1098 1709 1334 1771 adoperta
1368 1708 1552 1755 virenti

331 1790 574 1836 Manabat
610 1804 726 1836 saxo
762 1805 887 1835 vena
923 1789 1149 1850 perennis
1184 1805 1349 1850 aqua-e.

265 1870 389 1916 Inde
425 1869 527 1915 fere
564 1869 655 1915 soli
690 1870 889 1914 Faunus
923 1868 1165 1930 Picusque
1201 1869 1450 1916 bibebant.

329 1949 446 1995 Huc
478 1949 633 2007 venit,
670 1953 721 1995 et
755 1947 885 1994 fonti
919 1965 1006 1994 rex
1040 1949 1207 1994 Numa
1242 1952 1426 1994 mactat
1461 1964 1615 2008 ovem,

262 2029 512 2091 Plenaque
548 2028 740 2075 odorati
777 2029 996 2091 disponit
1031 2027 1204 2091 pocula
1238 2028 1437 2088 Bacchi,
1682 2019 1689 2028 ;

175 2132 234 2166 5⁵90
324 2111 541 2172 Cumque
576 2110 677 2156 suis
714 2114 858 2156 antro
892 2109 1120 2156 conditus
1155 2109 1258 2170 ipse
1293 2109 1432 2157 latet.

259 2189 341 2235 Ad
380 2189 551 2236 solitos
585 2189 797 2236 veniunt
831 2188 1080 2235 silvestria
1115 2187 1319 2234 numina
1353 2187 1531 2245 fontes,

326 2270 393 2316 Et
427 2269 652 2316 relevant
687 2269 845 2316 multo
880 2272 1077 2331 pectora
1113 2268 1238 2314 sicca
1271 2283 1418 2315 mero.

257 2349 393 2396 Vina
425 2349 563 2412 quies
588 2349 840 2412 sequitur5
874 2348 1036 2411 gelido
1071 2349 1237 2394 Numa
1270 2346 1434 2410 prodit
1471 2348 1531 2393 ab
1567 2352 1724 2407 antro,

322 2429 598 2491 Vinclaque
634 2430 819 2493 sopitas
853 2428 994 2476 addit
1028 2428 1080 2474 in
1115 2433 1226 2474 arta
1261 2443 1448 2475 manus.

177 2539 233 2572 ²95
259 2513 467 2560 Somnus
501 2517 560 2558 ut
593 2512 847 2568 abscessit,
885 2509 1153 2573 pugnando
1191 2506 1394 2554 vincula
1419 2508 1676 2569 temptant

331 2596 597 2657 Rumpere3
643 2597 928 2656 pugnantes
962 2590 1146 2639 fortius
1182 2589 1274 2635 illa
1314 2591 1504 2636 tenent.
