1788 2980
0 126 111 242 lm]
612 178 870 227 MAROJJ.
1419 174 1482 228 ετ

0 279 149 329 {Tune
184 285 379 330 Numa:
428 285 493 330 Di
531 301 796 343 nemorum,
835 286 980 332 factis
1017 281 1255 347 ignoscite
1290 285 1491 342 nostris,

80 362 132 408 Si
168 362 326 410 scelus
359 362 557 424 ingenio
593 364 731 410 scitis
766 365 934 411 abesse
971 380 1076 410 meo
1096 380 1109 424 3

0 443 215 504 ,Quoque
248 444 391 490 modo
427 444 581 505 possit
616 443 822 503 fulmen,
859 448 1148 502 monstrate,
1187 443 1329 506 piari.

83 523 160 570 Sic
195 523 372 570 Numa.
445 524 523 570 Sic
558 525 784 586 quatiens
819 541 1002 571 cornua
1037 526 1238 571 Faunus
1271 524 1379 572 ait:
1518 549 1570 579 300

17 605 201 666 Magna
235 603 376 666 petis,
415 620 502 650 nec
536 621 659 666 quae
694 605 886 651 monitu
922 605 1016 651 tibi
1053 605 1238 651 discere
1273 610 1442 650 nostro

84 686 178 730 Fas
214 684 293 731 sit.
367 684 573 730 Habent
607 685 728 731 fines
764 684 968 730 numina
1003 690 1175 730 nostra
1209 700 1336 730 suos.

18 764 85 811 ‘Di
121 780 286 810 sumus
322 769 554 826 agrestes,
592 768 641 810 et
675 764 759 827 qui
795 764 1100 810 dominemur
1134 763 1187 809 in
1221 763 1339 809 altis

85 844 354 889 Montibus.
427 843 710 889 Arbitrium
745 848 820 889 est
854 843 907 889 in
943 860 1029 890 sua
1063 848 1196 890 tecta
1231 842 1356 888 Iovi.

20 925 169 970 Hunc
203 928 261 968 tu
296 940 394 969 non
430 923 613 985 poteris
647 940 733 985 per
767 928 817 970 te
853 924 1088 970 deducere
1121 923 1254 969 caelo
1272 939 1284 981 3
1522 946 1577 975 305

86 1004 160 1049 At
195 1003 378 1065 poteris
414 1008 585 1049 nostra
619 1003 831 1049 forsitan
867 1021 984 1050 usus
1020 1020 1122 1066 ope.

21 1083 231 1130 Dixerat
265 1082 383 1128 haec
417 1083 648 1129 Faunus:
695 1098 784 1145 par
818 1087 894 1129 est
929 1083 1179 1129 sententia
1214 1081 1334 1130 Pin-i.

88 1164 242 1210 Deme
275 1166 441 1208 tamen
475 1162 617 1209 nobis
652 1163 863 1220 vincula,
901 1163 1047 1209 Picus
1081 1163 1168 1211 ait.

24 1240 250 1303 Iuppiter
284 1242 378 1288 huc
412 1242 580 1288 veniet
614 1243 781 1289 valida
816 1244 1056 1289 deductus
1090 1244 1154 1289 ab
1189 1247 1312 1290 arte.

91 1320 279 1366 Nubila
313 1321 538 1384 promissi
574 1322 701 1384 Styx
734 1322 857 1368 mihi
891 1322 1036 1368 testis
1071 1322 1180 1369 erit.
1521 1344 1582 1375 320

26 1399 206 1445 Emissi
240 1400 357 1462 quid
393 1405 545 1462 agant
580 1401 782 1463 laqueis,
817 1418 939 1463 quae
974 1401 1192 1448 carmina
1227 1401 1409 1458 dicant,

92 1477 290 1538 Quaque
325 1477 532 1523 trahant
567 1478 754 1540 superis
791 1479 988 1525 sedibus
1023 1483 1131 1524 arte
1165 1478 1349 1536 Iovem,

27 1555 160 1602 Scire
193 1556 333 1602 nefas
368 1556 568 1603 homini.
639 1557 798 1603 Nobis
833 1572 1059 1604 concessa
1093 1561 1347 1614 canentur,

94 1636 321 1698 Quaeque
356 1637 435 1699 pio
472 1636 568 1682 dici
602 1636 733 1683 vatis
768 1638 829 1682 ab
865 1653 947 1683 ore
988 1637 1117 1683 lieet.

36 1779 143 1829 They
171 1780 287 1818 ἄγαν]
314 1780 432 1818 ὥοτυη
470 1780 634 1830 Jupiter
656 1781 789 1872 {Zion}
816 1781 978 1822 heaven.
1053 1781 1245 1830 Colloquy
1273 1781 1319 1829 of
1341 1780 1500 1830 Jupiter

628 1846 656 1872 α
741 1845 897 1875 suma.

31 1928 251 1975 Eliciunt
285 1929 417 1976 eaelo
452 1933 516 1987 te,
553 1928 781 1991 Iuppiter
799 1946 813 1988 3
859 1930 989 1975 unde
1024 1929 1237 1975 minores
1525 1942 1583 1973 315

96 2009 243 2056 Nunc
276 2025 465 2071 quoque
500 2013 551 2055 te
586 2008 852 2067 celebrant,
889 2009 1195 2070 Eliciumque
1230 2012 1425 2055 vocant.

32 2089 240 2135 Constat
272 2089 554 2135 Aventinae
589 2087 847 2134 tremuisse
881 2088 1132 2133 eacumina
1167 2087 1335 2144 silvae,

97 2170 340 2232 Terraque
375 2168 598 2216 subsedit
631 2169 843 2230 pondere
879 2184 1045 2230 pressa
1080 2167 1230 2215 IoviS.

33 2250 192 2296 Corda
225 2250 410 2296 micant
443 2250 588 2312 regis,
625 2254 826 2310 totoque
862 2264 887 2294 e
922 2263 1120 2310 corpore
1155 2234 1354 2309 sanguis

99 2329 263 2392 Fugit,
299 2335 350 2376 et
384 2330 605 2376 hirsutae
630 2329 885 2391 deriguere
918 2343 1096 2374 comae.

33 2410 110 2456 Ut
143 2409 294 2456 rediit
328 2409 537 2468 animus,
573 2409 651 2454 Da
685 2413 820 2455 certa
855 2407 1084 2470 piamina,
1122 2407 1264 2463 dixit,

101 2488 356 2546 Fulminis,
393 2488 607 2534 altorum
641 2503 821 2549 rexque
856 2491 1090 2548 paterque
1126 2486 1270 2531 deum
1285 2501 1300 2544 3

34 2569 87 2615 Si
121 2573 209 2614 tua
241 2568 537 2630 contigimus
572 2567 801 2613 manibus
836 2565 1039 2613 donaria
1072 2565 1224 2628 puris,

1239 2653 1322 2699 122

1527 2330 1548 2365 ‘o

1550 2332 1595 2356 20

26 2735 53 2758 ἡ

18 2756 53 2779 Δί’
