1788 2980
197 205 286 251 116
689 203 916 251 OVIDII
959 202 1169 249 FASTJ.
1537 198 1656 264 [mn.

194 310 235 367 I,
273 317 382 372 pete
421 311 657 372 virginea,
695 310 916 372 populus,
961 310 1180 355 suffimen
1214 309 1277 354 ab
1311 324 1427 353 ara:

102 409 163 439 660
256 390 412 435 Vesta
448 389 621 447 dabit-,3
667 390 851 435 Vestae
887 404 1087 434 munere
1123 404 1274 450 purus
1309 387 1419 434 eris,

194 468 403 530 Sanguis
438 469 548 530 equi
585 469 804 515 suffimen
840 468 948 526 erit,
987 468 1232 529 vitulique
1267 466 1441 512 favilla
1461 482 1473 524 ;

258 548 426 593 Tertia
460 564 536 593 res
573 548 723 594 durae
759 548 953 594 culmen
990 547 1136 593 inane
1173 548 1330 593 fabae.

196 628 386 685 Pastor,
423 645 539 674 oves
574 633 768 674 saturas
803 628 863 674 ad
902 628 1057 689 prima
1091 626 1374 689 crepuscula
1410 625 1597 672 lustra:

261 707 412 753 Unda
448 707 582 768 prius
617 712 832 769 spargat,
869 707 1105 769 virgaque
1140 710 1308 752 verrat
1344 706 1556 750 humum.

112 809 169 840 665
198 786 472 832 Frondibus
508 792 557 832 et
593 786 703 832 fixis
739 787 1032 833 decorentur
1066 785 1218 832 ovilia
1251 783 1413 839 ramis,

265 866 330 911 Et.
365 870 504 927 tegat
538 871 739 912 ornatas
776 867 923 928 longa
958 882 1135 912 corona
1171 865 1315 911 fores.

199 946 419 993 Caerulei
457 948 578 992 fiant
613 947 728 993 vivo
764 947 823 993 de
860 945 1048 992 sulfure
1083 945 1204 991 fumi
1228 963 1240 1004 3

262 1027 510 1089 Tactaque
546 1026 759 1072 fumanti
795 1026 985 1073 sulfure
1020 1025 1156 1072 balet
1190 1025 1312 1073 ovis.

204 1108 306 1154 Ure
342 1123 499 1153 mares
535 1107 664 1154 oleas
700 1108 988 1168 taedamque
1023 1106 1292 1168 herbasque
1327 1104 1549 1163 Sabinas,

113 1205 176 1244 ⁶70
268 1189 333 1234 Et
369 1192 534 1251 crepet
569 1188 619 1233 in
655 1187 830 1234 mediis
866 1187 1034 1232 laurus
1068 1187 1246 1232 adusta
1280 1185 1431 1244 focis3

203 1267 419 1329 Libaque
455 1268 514 1313 de
549 1267 685 1312 milio
720 1265 845 1311 milii
881 1265 1062 1311 fiscella
1097 1269 1354 1327 sequetur:

268 1347 475 1393 Rustica
510 1345 767 1409 praecipue
802 1349 877 1391 est
913 1344 1001 1390 hoc
1037 1345 1127 1391 dea
1162 1345 1294 1391 laeta
1328 1344 1450 1391 cibo.

204 1426 345 1472 Adde
370 1427 516 1488 dapes
539 1426 895 1487 mulctramque
931 1440 1044 1470 suas
1067 1441 1081 1484 5
1117 1424 1419 1487 dapibusque
1446 1424 1643 1471 resectis

270 1504 549 1552 Silvicolam
586 1504 753 1567 tepido
788 1504 914 1550 lacte
951 1520 1145 1566 precare
1180 1503 1345 1551 Palen.

569 1655 648 1694 The
674 1654 901 1705 Shepherd's
922 1668 1074 1705 prayer
1103 1659 1139 1694 to
1167 1655 1295 1695 Pales.
1331 1653 1335 1656 ⁷

117 1768 175 1806 ⁶75
202 1751 424 1808 Consule,
463 1750 554 1808 dic,
592 1749 750 1812 pecori
788 1749 973 1812 pariter
1008 1749 1286 1812 pecorisque
1321 1748 1600 1812 magistris·

273 1830 490 1892 Effugiat
524 1829 734 1876 stabulis
772 1845 899 1874 noxa
934 1829 1130 1891 repulsa
1163 1829 1295 1876 meis.

206 1910 318 1957 Sive
353 1926 486 1956 sacro
521 1909 646 1972 pavi,
686 1909 850 1955 sedive
884 1909 975 1955 sub
1009 1909 1182 1955 arbore
1216 1925 1364 1967 sacra,

271 1989 555 2050 Pabulaque
590 2005 615 2035 e
650 1988 810 2034 bustis
844 1987 998 2034 inscia
1032 1989 1215 2051 carpsit
1250 1989 1355 2035 ovis
1372 2007 1384 2048 3

206 2070 255 2115 Si
294 2085 463 2115 nemus
497 2067 683 2114 intravi
719 2067 948 2125 vetitum,
985 2068 1229 2114 nostrisve
1264 2069 1464 2131 fugatae

119 2169 179 2198 680
268 2152 395 2196 Sunt
429 2149 581 2195 oculis
616 2149 873 2209 nymphae,
914 2148 1238 2210 semicaperve
1274 2149 1421 2208 deus,

207 2231 257 2277 Si
295 2247 399 2275 mea
435 2229 541 2274 falx
576 2244 710 2274 ramo
746 2227 909 2273 lucum
944 2227 1177 2289 spoliavit
1210 2244 1369 2290 opaco,

273 2310 420 2356 Unde
456 2310 572 2354 data
605 2316 681 2353 est
715 2322 886 2368 aegrae
922 2307 1091 2352 fiscina
1124 2306 1315 2353 frondis
1350 2308 1447 2366 ovi,

209 2391 285 2435 Da
318 2387 512 2433 veniam
546 2386 742 2448 culpae:
791 2400 894 2443 nec,
930 2385 1044 2431 dum
1081 2385 1422 2447 degrandinat,
1461 2387 1585 2433 obsit

274 2467 475 2529 Agresti
511 2467 626 2512 fano
661 2466 970 2528 supposuisse
1005 2481 1176 2527 pccus3

123 2566 178 2602 585
207 2548 308 2593 Nec
344 2550 516 2592 noceat
550 2547 774 2591 turbasse
811 2545 956 2591 lacus.
1030 2545 1288 2607 Ignoscite,
1327 2546 1581 2607 nymphae.

276 2626 416 2672 Mota
450 2626 576 2686 quod
613 2626 841 2670 obscuras
879 2625 1062 2685 ungula
1099 2624 1216 2670 fecit
1251 2641 1411 2685 aquas.
