1788 2980
266 195 326 242 84
761 196 989 243 OVIDII
1028 195 1240 242 FASPI.
1277 227 1280 229 >

178 329 236 359 735
261 304 388 362 Sive,
413 305 542 366 quod
567 320 617 351 es
642 304 804 363 Liber,
829 305 982 351 vestis
1006 321 1196 367 quoque
1220 304 1376 350 libera
1399 319 1484 366 per
1509 308 1557 349 te

333 384 572 443 Sumitur,
614 389 665 431 et
702 384 836 430 vitae
875 384 1118 430 liberioris
1159 384 1267 430 iter.

267 465 352 508 An
392 464 522 525 quia,
565 480 675 510 cum
715 464 932 510 colerent
974 463 1120 526 prisci
1158 463 1426 509 studiosius
1467 478 1625 524 agros,

335 544 402 589 Et
439 544 601 606 patrio
642 544 828 590 faceret
864 560 979 590 rure
1019 549 1218 590 senator
1257 560 1393 606 opus,

271 624 337 670 Et
375 628 570 687 caperet
606 624 763 670 fasces
803 641 833 670 a
873 641 1022 671 curvo
1061 624 1232 671 consul
1268 629 1448 680 aratro,

181 727 240 755 740
329 703 434 748 Nec
475 703 658 748 crimen
699 704 846 749 duras
887 707 1016 749 esset
1056 704 1234 749 habere
1271 718 1459 758 manus,

271 782 509 828 Rusticus
546 783 607 827 ad
648 782 789 828 ludos
815 783 1022 845 populus
1062 783 1296 828 veniebat
1332 783 1383 827 in
1409 783 1609 828 urbem2

340 861 458 924 (Sed
499 862 588 919 dis,
630 878 729 907 non
773 863 967 920 studiis,
1010 863 1094 908 ille
1137 863 1350 908 dabatur
1390 862 1572 907 honos:

275 942 406 987 Luce
446 958 534 986 sua
575 941 717 987 ludos
753 957 878 987 uvae
915 947 1215 988 commentor
1249 942 1477 998 habebat,

337 1022 467 1077 Quos
509 1037 618 1067 cum
655 1022 898 1068 taedifera
935 1038 1065 1068 nunc
1103 1023 1252 1068 habet
1290 1022 1374 1067 ille
1416 1022 1507 1067 dea
1527 1018 1560 1082 ι)

189 1128 246 1158 745
273 1103 418 1164 Ergo,
459 1107 517 1148 ut
557 1102 770 1148 tironem
809 1101 1053 1148 celebrare
1095 1102 1374 1163 frequentia
1415 1106 1593 1164 posset,

341 1183 464 1227 Visa
507 1183 611 1228 dies
653 1183 843 1228 dandae
884 1199 984 1228 non
1024 1182 1186 1227 aliena
1222 1183 1397 1244 togae2

271 1263 400 1309 Mite
434 1266 596 1325 caput,
641 1262 806 1320 Pater,
843 1262 937 1308 huc
972 1262 1259 1324 placataque
1294 1278 1474 1307 cornua
1508 1266 1687 1318 vertas,

339 1343 405 1388 Et
440 1343 524 1388 des
559 1341 756 1404 ingenio
792 1342 903 1388 vela
939 1343 1151 1388 secunda
1185 1346 1322 1388 meo!

673 1489 755 1528 The
787 1489 912 1539 Arqei
940 1489 1110 1530 visited:
1148 1490 1210 1528 the
1239 1490 1349 1530 Kz'te.

273 1585 387 1630 Itur
421 1585 484 1631 ad
520 1585 711 1646 Argeos
750 1584 852 1647 (qui
888 1584 1004 1642 sint,
1042 1601 1129 1631 sua
1164 1585 1343 1647 pagina
1379 1583 1527 1646 dicet)

187 1690 246 1719 750
336 1664 462 1722 Hac,
500 1664 542 1710 si
577 1664 899 1722 commemini,
937 1665 1298 1726 praeteritaque
1334 1664 1425 1710 die.

275 1744 431 1790 Stella
468 1744 764 1805 Lycaoniam
799 1744 962 1806 vergit
998 1743 1203 1790 declivis
1237 1745 1297 1789 ad
1333 1746 1524 1789 Arcton

341 1824 545 1869 Miluus.
618 1824 756 1869 Haec
792 1823 880 1868 illa
915 1828 1056 1869 nocte
1092 1823 1305 1869 videnda
1340 1823 1492 1869 venit.

275 1903 402 1958 Quid
439 1902 630 1948 dederit
665 1903 867 1960 volucri,
906 1903 947 1948 si
983 1904 1059 1949 vis
1095 1919 1394 1964 cognoscere,
1432 1904 1632 1963 caelum,

341 1982 584 2028 Saturnus
618 1982 783 2042 regnis
818 1983 879 2028 ab
915 1983 1034 2029 Iove
1070 1983 1239 2044 pulsus
1275 1988 1397 2028 erat.

188 2087 245 2117 755
271 2061 499 2108 Concitat
533 2062 691 2107 iratus
726 2062 917 2108 validos
952 2063 1157 2109 Titanas
1191 2063 1243 2108 in
1279 2080 1427 2121 arma,

343 2142 571 2203 Quaeque
606 2142 706 2188 fuit
742 2142 862 2188 fatis
899 2143 1080 2200 debita,
1118 2148 1333 2205 temptat
1368 2160 1519 2206 opem.

277 2224 443 2269 Matre
477 2228 614 2269 satus
650 2224 813 2281 Terra,
850 2228 1126 2269 monstrum
1161 2224 1401 2281 mirabile,
1438 2229 1612 2271 taurus

343 2304 494 2350 Parte
530 2303 606 2349 sui
642 2319 838 2356 serpens
873 2304 1141 2365 posteriore
1176 2304 1288 2351 fuit.

279 2383 430 2429 Hunc
464 2383 651 2445 triplici
687 2400 825 2429 muro
861 2383 985 2430 lucis
1020 2384 1288 2430 incluserat
1323 2383 1446 2429 atris

191 2478 250 2519 5³50
341 2463 607 2507 Parcarum
641 2462 834 2508 monitu
870 2463 996 2524 Styx
1029 2463 1248 2508 violenta
1281 2463 1451 2508 trium.

281 2542 486 2587 Viscera
519 2542 604 2603 qui
639 2542 771 2587 tauri
806 2541 1012 2588 flammis
1046 2542 1288 2588 adolenda
1323 2541 1553 2601 dedisset,

345 2620 458 2666 Sors
493 2624 613 2678 erat,
648 2625 872 2666 aeternos
908 2620 1101 2666 vincere
1137 2636 1275 2682 posse
1310 2622 1437 2668 deos.
