1788 2980
178 178 206 223 e
677 171 905 242 OVJDJJ
947 170 1158 217 FASTJ.
1498 181 1500 185 ⁸
1529 146 1647 233 [m.
1710 202 1714 205 x

243 281 381 338 Iane,
418 279 514 326 tibi
550 278 762 341 primum
796 280 911 323 tura
946 290 1230 337 merumque
1264 274 1400 322 fero?

180 360 255 408 Ut
290 359 447 423 possis
481 358 673 406 aditum
709 373 796 420 per
828 371 919 415 me,
956 355 1041 418 qui
1076 354 1250 401 limina
1285 370 1439 414 servo,

245 442 325 489 Ad
360 454 689 504 quoscumque
723 437 873 498 voles,
909 436 1087 500 inquit,
1125 437 1305 483 habere
1341 436 1470 482 deos.

305 602 359 642 W
356 602 412 653 hy
433 602 572 653 people
600 601 703 675 '1²²9‘
731 613 801 640 one
830 600 997 640 another
1024 612 1052 639 a
1079 600 1233 651 Happy
1261 600 1362 640 New
1400 600 1440 639 Y
1435 613 1516 640 ear.

93 724 149 756 ¹7⁵
174 699 249 745 At
283 714 370 744 cur
405 697 536 743 laeta
570 696 672 743 tuis
710 695 945 743 dicuntur
978 695 1130 741 verba
1165 694 1424 754 Kalendis,

243 778 310 824 Et
346 778 518 824 damus
552 776 771 823 alternas
800 775 1158 838 accipimusque
1194 777 1390 838 preces‘l

181 859 306 904 Tum
342 858 460 904 deus
497 856 784 903 incumbens
819 855 1006 913 baculo,
1044 871 1188 917 quem
1225 856 1400 902 dextra
1435 857 1649 919 gerebat,

244 939 420 987 Omina
455 937 724 1001 principiis,
750 937 929 999 inquit,
968 937 1127 984 inesse
1163 937 1339 985 solent.

182 1020 263 1066 Ad
299 1019 507 1082 primam
543 1033 710 1064 vocem
744 1016 946 1063 timidas
980 1015 1246 1063 advertitis
1281 1033 1436 1073 aures,

97 1117 153 1149 180
247 1101 313 1146 Et
347 1098 505 1145 visam
541 1097 752 1160 primum
787 1095 1002 1142 consulit
1037 1112 1196 1158 augur
1228 1112 1381 1144 avem.

106 1171 116 1214 Ὺ
177 1180 379 1242 Templa
414 1182 588 1242 patent
623 1192 860 1239 auresque
896 1178 1053 1236 deum,
1091 1193 1180 1225 nec
1215 1178 1384 1240 lingua
1420 1179 1627 1225 caducas

116 1218 123 1308 i
245 1259 471 1322 Concipit
506 1258 608 1304 ulla
643 1273 822 1320 preceS,
861 1256 1088 1320 dictaque
1124 1258 1314 1320 pondus
1350 1259 1547 1305 habent.

122 1365 126 1399 Ι
315 1421 418 1471 Why
446 1419 579 1470 people
601 1423 761 1470 present
788 1419 915 1469 Izoney
942 1419 1029 1458 and
1054 1423 1166 1459 sweet
1195 1420 1305 1459 dates
1333 1432 1383 1459 on
1412 1419 1513 1459 New

779 1472 918 1512 Year’s
945 1474 1053 1523 Day.

180 1570 408 1616 Desierat
444 1568 631 1626 Ianus3
686 1583 774 1614 nec
810 1567 956 1630 longa
991 1567 1191 1614 silentia
1226 1567 1335 1628 feci,

246 1648 340 1695 Sed
377 1647 523 1710 tetigi
559 1646 724 1693 verbis
761 1645 937 1692 ultima
972 1647 1122 1693 verba
1158 1647 1309 1694 meis:

96 1744 149 1782 185
175 1727 303 1784 Quid
340 1727 451 1773 vult
487 1726 649 1789 palma
684 1726 778 1772 sibi
814 1741 1086 1788 rugosaque
1122 1726 1294 1785 carica,
1334 1726 1453 1783 dixi,

248 1808 313 1854 Et
349 1807 466 1853 data
501 1808 592 1852 sub
628 1805 771 1852 niveo
807 1806 1014 1852 candida
1051 1807 1197 1852 mella
1234 1806 1387 1852 cado?

183 1888 351 1944 Omen,
390 1886 476 1944 ait,
513 1902 659 1932 causa
693 1890 782 1943 est,
823 1890 879 1931 ut
913 1901 990 1932 res
1028 1903 1172 1950 sapor
1208 1887 1292 1933 ille
1327 1890 1576 1948 sequatur,

130 1953 133 1955 ,
249 1967 315 2013 Et
351 1970 558 2030 peragat
593 1970 816 2028 coeptum
854 1965 1011 2012 dulcis
1047 1971 1103 2012 ut
1138 1983 1296 2013 annus
1331 1966 1442 2012 iter.

187 2128 293 2177 Why
315 2128 452 2179 people
484 2128 569 2178 qive
597 2129 681 2168 and
710 2128 852 2167 receive
879 2127 1004 2166 small
1031 2127 1138 2167 coins
1167 2141 1213 2167 as
1241 2128 1340 2167 Neu>
1379 2125 1517 2166 Year’s
1543 2126 1654 2176 qiste.

180 2209 260 2248 The
288 2209 440 2260 qrowth
468 2208 515 2258 of
537 2209 681 2247 wealth
709 2220 744 2246 ἰε
773 2208 999 2247 describea:
1037 2208 1099 2246 the
1137 2221 1250 2247 omen
1287 2208 1334 2258 of
1368 2220 1396 2246 α
1425 2207 1536 2246 brass
1570 2206 1658 2245 coin

466 2262 503 2302 is
529 2261 638 2311 qood,
673 2261 759 2300 that
787 2261 835 2311 os
857 2273 883 2299 a
915 2261 1007 2310 qozd
1039 2260 1127 2300 co‘in
1165 2263 1202 2300 is
1232 2261 1359 2301 better.

184 2355 362 2402 Dulcia
385 2356 482 2403 'cur
517 2356 710 2415 dentur,
748 2355 925 2416 video,
977 2355 1120 2418 stipis
1155 2356 1308 2402 adiice
1343 2371 1549 2413 causam,

99 2460 156 2489 190
246 2435 369 2481 Pars
405 2435 523 2481 mihi
563 2436 622 2482 de
658 2435 785 2482 festo
821 2451 882 2482 ne
917 2436 1050 2482 labet
1086 2436 1187 2481 ulla
1221 2440 1323 2482 tuo.

184 2513 334 2572 Risit,
370 2519 434 2574 et,
473 2515 514 2561 O
549 2531 695 2577 quam
734 2519 783 2562 te
820 2515 1006 2561 fallunt
1041 2519 1130 2561 tua
1164 2515 1369 2575 saecula,
1413 2515 1557 2574 dixit,

248 2594 345 2651 Qui
381 2595 507 2656 stipe
543 2594 637 2640 mel
673 2598 869 2657 sumpta
905 2594 1096 2641 dulcius
1131 2609 1235 2641 esse
1270 2596 1443 2657 putes!
