1788 2980
217 227 328 272 ’ω
735 226 961 272 OVJDJJ
1004 226 1212 272 FASTI.
1585 223 1696 286 [mn.
1783 194 1788 298 Ι

220 369 349 418 April
379 368 485 417 1902,
519 368 605 409 md.
635 368 770 407 XIII.
803 367 900 406 Kal.
930 367 1339 406 Mai.—00mlusion
1357 367 1404 416 of
1424 366 1486 404 the
1517 366 1703 405 Cerealia

649 422 750 460 with
773 433 913 471 yames
939 421 986 459 in
1013 421 1075 459 the
1106 420 1262 459 Gir-cus.

235 511 403 557 Tertia
437 516 548 573 post
584 511 791 573 Hyadas
826 527 935 556 cum
971 511 1057 566 lux
1092 510 1187 556 erit
1223 514 1332 555 orta
1366 515 1592 565 remotas,

302 592 504 638 Carcere
539 592 750 653 partitos
785 591 953 637 Circus
989 590 1191 636 habebit.
1224 604 1386 650 equos.

622 736 703 774 le
719 736 798 786 soa:
826 736 924 774 wath
952 736 1015 774 the
1044 736 1204 785 blazinq
1234 736 1324 777 caiz,

234 825 334 871 Uur
366 824 522 886 igitur
557 825 733 871 missae
770 824 951 871 vinctis
985 823 1212 870 ardentia
1248 824 1406 871 taedis

299 905 456 966 Terga
490 904 654 950 ferant
689 905 874 966 vulpes,
909 920 1055 950 causa
1089 904 1305 950 docenda
1339 903 1474 950 mihi.

149 1000 203 1036 εις
229 984 431 1046 Frigida
467 984 680 1030 Carseoli
719 1000 805 1030 nec
840 984 985 1030 olivis
1019 988 1137 1046 apta
1170 983 1386 1030 ferendis

298 1065 460 1123 Terra,
501 1065 582 1111 sed
620 1065 680 1110 ad
719 1070 907 1126 segetes
944 1064 1227 1126 ingeniosus
1261 1080 1390 1127 ager.

234 1145 344 1191 Hac
379 1161 467 1207 ego
505 1144 751 1206 Pelignos,
790 1144 978 1190 natalia
1011 1161 1140 1201 rura,
1178 1145 1417 1207 petebam,

300 1227 476 1283 Parva,
514 1227 596 1272 sed
632 1225 843 1272 assiduis
880 1226 1029 1272 uvida
1064 1241 1253 1288 semper
1287 1225 1434 1287 aquis.

234 1305 464 1368 Hospitis
499 1305 692 1367 antiqui
728 1305 900 1352 solitas
937 1305 1233 1352 intravimus
1267 1306 1442 1365 aedes3

145 1402 205 1430 οπο
295 1386 589 1447 Dempserat
623 1385 841 1431 emeritis
877 1385 973 1431 iam
1009 1385 1125 1447 iuga
1158 1385 1385 1432 Phoebus
1419 1385 1570 1447 equis.

234 1464 286 1511 Is
322 1465 442 1510 mihi
479 1465 636 1511 multa
670 1465 880 1527 quidem,
906 1465 989 1511 sed
1025 1468 1077 1510 et
1111 1464 1243 1521 haec,
1269 1480 1469 1511 narrare
1503 1464 1702 1511 solebat.

301 1545 447 1591 Unde
483 1561 642 1590 meum
680 1560 908 1607 praesens
943 1544 1276 1590 instrueretur
1309 1560 1458 1606 opus:
1786 1598 1788 1601 ¹

238 1625 358 1682 Hoc,
394 1625 481 1682 ait,
518 1625 567 1670 in
605 1641 789 1686 campo,
828 1624 1164 1686 (campumque
1198 1622 1454 1687 ostendit,)
1491 1624 1701 1671 habebat
1784 1617 1788 1704 j

302 1705 408 1750 Rus
445 1705 592 1750 breve
627 1721 737 1751 cum
773 1705 895 1751 duro
931 1720 1076 1767 parca
1108 1704 1281 1750 colona
1316 1703 1437 1751 viro.

146 1800 205 1839 ως,
231 1785 326 1831 Ille
362 1802 499 1831 suam
535 1785 800 1847 peragebat
836 1786 1053 1843 humum,
1090 1785 1193 1832 sive
1228 1801 1345 1832 usus
1379 1785 1549 1843 aratri,

301 1866 394 1912 Seu
430 1881 607 1911 curvae
643 1865 798 1922 falcis,
836 1864 938 1910 sive
975 1865 1192 1911 bidentis
1227 1869 1346 1912 erat.

237 1944 374 1991 Haec
409 1946 550 1991 modo
586 1946 815 1991 verrebat
850 1949 1067 1991 stantem
1101 1944 1306 1991 tibicine
1341 1945 1527 2001 villam,

302 2025 447 2071 Nunc
482 2025 661 2071 matris'
691 2024 870 2086 plumis
906 2041 998 2070 ova
1032 2024 1245 2070 fovenda
1279 2024 1465 2082 dabat;

236 2105 342 2149 Aut
378 2104 562 2150 virides
596 2104 797 2160 malvas,
835 2108 923 2149 aut
958 2103 1136 2166 fungos
1172 2103 1364 2166 colligit
1398 2104 1550 2161 albos

148 2200 209 2239 ⁶30
298 2185 405 2231 Aut
440 2184 673 2230 humilem
708 2189 851 2245 grato
885 2184 1083 2231 calfacit
1115 2186 1229 2247 igne
1263 2185 1438 2232 focum.

131 2261 134 2263 ’
241 2264 304 2309 Et
340 2269 504 2310 tamen
539 2263 751 2310 assiduis
787 2269 980 2310 exercet
1016 2265 1243 2310 bracchia
1277 2265 1404 2322 telis

304 2344 652 2406 Adversusque
686 2343 844 2389 minas
879 2343 1077 2405 frigoris
1112 2360 1247 2389 arma
1282 2350 1438 2406 parat.

303 2488 339 2526 A
371 2488 481 2526 cruel
509 2486 612 2537 boy's
636 2487 834 2538 practical
852 2486 957 2536 JoIoe,
989 2486 1074 2524 and
1103 2487 1154 2524 ils
1181 2498 1463 2536 comeqnenoes.

244 2577 394 2623 Filius
433 2577 578 2624 huius
613 2580 719 2622 erat
755 2576 910 2638 primo
946 2574 1157 2620 lascivus
1192 2575 1245 2620 in
1280 2591 1412 2635 aev0‚

308 2657 680 2718 Addideratque
714 2672 868 2702 annos
904 2656 961 2701 ad
1002 2655 1097 2700 duo
1134 2655 1291 2700 lustra
1327 2655 1456 2700 duos.
