1788 2980
3 192 71 258 v.]
670 188 825 234 MAY.
1389 189 1479 233 133

83 300 216 345 Dum
252 298 471 359 loquitur
507 313 684 344 vernas
720 297 851 343 efflat
892 296 953 342 ab
992 312 1074 342 ore
1111 312 1274 342 rosas.

19 377 211 424 Chloris
252 393 397 433 eram,
441 393 564 438 quae
606 376 753 423 Flora
791 391 950 422 vocor.
1023 376 1268 437 Corrupta
1307 375 1485 420 Latino

84 457 313 503 Nominis
353 462 429 503 est
466 457 625 503 nostri
666 457 838 502 littera
876 457 1060 502 Graeca
1096 473 1228 502 sono.

19 535 213 582 Chloris
248 551 380 581 eram
420 535 634 597 nymphe
673 535 842 597 Campi
879 535 1072 593 Felicis,
1115 535 1201 581 ubi
1241 535 1382 580 audis
1520 559 1574 589 ¹95

85 615 210 661 Rem
245 614 515 660 fortunatis
555 619 671 661 ante
711 615 863 661 fuisse
899 615 1032 662 viris.

19 694 152 749 Quae
174 692 328 739 fuerit
351 693 473 738 mihi
496 693 668 751 forma,
694 710 843 755 grave
866 699 941 741 est
964 711 1165 741 narrare
1190 696 1439 742 modestae
1455 711 1467 752 3

87 772 180 818 Sed
221 788 454 834 generum
490 773 637 818 matri
678 773 892 836 repperit
929 773 1016 819 illa
1054 774 1210 821 deum.

23 941 99 980 She
138 941 273 992 enjoys
308 941 520 991 perpetual
560 942 701 991 mina
714 956 727 980 .·
763 941 830 980 she
857 942 895 980 is
922 941 984 980 the
1011 942 1159 981 author
1187 942 1271 981 and
1309 954 1431 992 queen
1461 943 1505 991 “s

586 995 736 1044 yarden
755 993 929 1045 fiowers.

21 1103 152 1150 Vere
187 1103 327 1150 fruor
362 1119 581 1165 semper3
629 1117 743 1149 vere
779 1105 855 1147 est
890 1100 1223 1146 nitidissimus
1257 1115 1446 1147 annus:

88 1185 253 1230 Arbor
292 1184 443 1230 habet
480 1183 695 1241 frondes,
735 1183 915 1245 pabula
949 1199 1139 1246 semper
1173 1184 1365 1229 humus.
1524 1209 1579 1228 που

26 1264 115 1309 Est
153 1262 275 1309 mihi
312 1262 551 1310 fecundus
590 1262 840 1309 dotalibus
877 1262 1052 1310 hortus
1090 1263 1140 1309 in
1181 1279 1313 1325 agris
1331 1279 1344 1321 3

90 1345 230 1389 Aura
268 1343 419 1400 fovet,
459 1342 674 1405 liquidae
711 1343 850 1390 fonte
890 1343 1084 1405 rigatur
1120 1359 1288 1405 aquae.

26 1423 175 1469 Hunc
210 1438 346 1469 meus
384 1422 611 1485 implevit
652 1438 884 1484 generoso
927 1423 1044 1469 flore
1081 1423 1304 1480 maritus,

91 1504 259 1564 Atque
298 1502 385 1559 ait,
426 1502 710 1548 Arbitrium
747 1507 819 1560 tu,
862 1503 967 1560 dea,
1005 1503 1138 1549 floris
1176 1504 1313 1549 habe.

25 1582 176 1644 Saepe
216 1598 303 1644 ego
342 1581 557 1644 digestos
597 1581 732 1628 volui
772 1598 1026 1629 numerare
1063 1583 1260 1640 coloreS‚
1526 1608 1581 1635 ,ος

92 1661 197 1707 Nec
237 1661 376 1724 potui
395 1677 408 1720 3
449 1677 650 1707 numero
691 1661 830 1722 copia
870 1661 1025 1708 maior
1061 1667 1181 1709 erat.

28 1741 238 1788 Roscida
276 1758 386 1787 cum
423 1741 634 1803 primum
671 1740 806 1787 foliis
847 1757 1049 1788 excussa
1089 1741 1266 1804 pruina
1303 1747 1394 1799 est,

95 1822 160 1867 Et
197 1822 360 1868 variae
399 1821 551 1867 radiis
591 1821 845 1883 intepuere
885 1838 1063 1879 comae,

29 1901 342 1948 Conveniunt
382 1901 527 1963 pictis
568 1900 811 1947 incinctae
848 1902 1072 1948 vestibus
1113 1902 1296 1960 Horae,

96 1981 251 2043 Inque
291 1981 425 2028 leves
465 1981 686 2028 calathos
722 1997 926 2027 munera
966 1987 1136 2028 nostra
1176 1983 1364 2044 legunt.
1527 2009 1584 2030 210

30 2060 265 2107 Protinus
302 2061 538 2106 accedunt
577 2060 817 2118 Charites,
856 2066 1159 2123 nectuntque
1198 2078 1415 2120 coronas,

96 2140 330 2201 Sertaque
367 2140 598 2186 caelestes
635 2140 937 2201 implicitura
977 2156 1150 2187 comas.

32 2218 199 2266 Prima
240 2236 324 2281 per
364 2219 625 2266 immensas
666 2220 821 2281 sparsi
862 2237 990 2267 nova
1030 2221 1215 2266 semina
1250 2226 1453 2283 gentes;

98 2297 261 2344 Unius
298 2296 446 2343 tellus
483 2303 599 2343 ante
640 2297 815 2343 coloris
857 2303 975 2343 erat.

33 2375 200 2423 Prima
234 2376 548 2437 Therapnaeo
585 2376 680 2422 feci
722 2377 781 2422 de
818 2377 1054 2438 sanguine
1096 2377 1291 2434 fiorem3
1535 2403 1582 2432 ης

100 2456 166 2502 Et
205 2460 373 2502 manet
413 2456 465 2501 in
505 2456 624 2502 folio
666 2457 850 2518 scripta
891 2456 1110 2517 querella
1150 2473 1251 2503 suo.

32 2535 107 2580 Tu
134 2551 322 2596 quoque
353 2551 528 2581 nomen
564 2536 713 2581 habes
736 2536 908 2591 cultos,
935 2536 1178 2593 Narcisse‚
1205 2553 1290 2598 per
1314 2537 1496 2594 hortos,

101 2613 301 2663 Infelix.
342 2615 471 2662 ouod
509 2631 607 2661 non
643 2614 771 2661 alter
807 2619 859 2662 et
895 2615 1023 2661 alter
1046 2617 1186 2662 eras!
