1788 2980
66 148 141 182 ιιι.
149 135 166 199 J
666 138 757 183 ΜΛ
768 137 920 186 RCJJ.
1468 141 1527 184 55

498 568 634 612 Boou
673 566 939 612 HL—MA
949 565 1101 613 ΕΘΗ.

563 726 644 764 Tha
673 725 814 764 Month
842 725 888 775 of
911 726 1042 765 Mars.

67 821 302 878 BELL10E‚
340 820 575 882 depositis
611 820 766 882 clipeo
804 819 1052 883 paulisper
1092 826 1142 868 et
1183 823 1342 879 hasta,

129 899 280 957 Mars,
319 900 449 957 ades,
484 904 535 945 et
576 899 763 945 nitidas
803 899 993 946 casside
1031 900 1166 947 solve
1206 917 1380 948 comas.

70 978 293 1025 Forsitan
334 978 437 1040 ipse
474 994 629 1040 roges,
665 978 783 1040 quid
826 978 892 1024 sit
927 994 1036 1025 cum
1076 980 1239 1026 Marte
1278 983 1457 1042 poetae.

128 1059 177 1103 A
215 1063 279 1114 te,
320 1057 404 1119 qui
442 1057 651 1115 canitur,
693 1057 892 1104 nomina
928 1058 1109 1104 mensis
1148 1059 1310 1105 habet.

68 1140 175 1203 Ipse
216 1139 354 1187 vides
395 1139 563 1202 peragi
599 1139 826 1186 manibus
867 1139 972 1186 fera
1013 1140 1144 1187 bella
1185 1140 1454 1189 Minervae.
1607 1167 1620 1198 ς

128 1220 264 1266 Num
301 1219 462 1266 minus
478 1219 706 1282 ingenuis
742 1220 935 1266 artibus
976 1220 1064 1266 illa
1105 1224 1280 1268 vacat?

64 1299 283 1346 Palladis
320 1300 540 1363 exemplo
579 1301 832 1362 ponendae
874 1305 1095 1364 tempora
1136 1317 1271 1348 sume

130 1379 386 1442 Cuspidis3
429 1379 650 1426 invenies
688 1385 738 1426 et
775 1380 903 1442 quod
945 1380 1146 1427 inermis
1183 1398 1312 1445 agas.

66 1527 179 1565 Mars
207 1526 268 1565 che
297 1527 429 1566 father
456 1527 503 1577 os
525 1528 755 1619 Romullzzcs:
793 1528 871 1619 tlzteh
893 1528 1025 1566 Vas-tal
1054 1528 1155 1576 Ilia,
1179 1542 1224 1568 or
1251 1530 1364 1570 Rhea
1393 1532 1540 1579 Silvia,

702 1593 737 1619 ιε
764 1593 827 1618 mo
873 1593 926 1620 er.

64 1673 198 1720 Tunc
221 1689 408 1735 quoque
450 1673 652 1719 inermis
687 1689 809 1731 eras,
846 1689 955 1720 cum
992 1678 1040 1720 te
1079 1674 1301 1722 Romana
1336 1679 1559 1725 sacerdos

130 1752 286 1814 Cepit,
329 1757 386 1798 ut
428 1753 540 1799 huic
577 1752 689 1799 urbi
730 1752 918 1799 semina
959 1753 1109 1816 digna
1150 1755 1305 1803 dares.
1589 1784 1625 1806 m

63 1827 219 1878 Sil‘via
262 1833 481 1879 Vestalis
522 1831 662 1895 (quid
701 1832 832 1879 enim
869 1837 1009 1879 vetat
1047 1833 1162 1880 inde
1203 1837 1442 1899 moveril)

132 1912 278 1958 Sacra
314 1912 566 1958 lavaturas
608 1927 751 1958 mane
792 1912 993 1973 petebat
1030 1928 1195 1974 aquas.

69 1992 286 2038 Ventum
324 1996 431 2038 erat
466 1992 528 2038 ad
566 1990 703 2037 molli
742 1990 979 2038 declivem
1020 1993 1221 2039 tramite
1260 1994 1444 2056 ripam:

132 2071 345 2117 Ponitur
384 2086 409 2117 e
451 2086 640 2116 summa
679 2069 848 2116 fictihs
880 2086 1004 2115 urna
1046 2087 1195 2119 coma.

68 2152 214 2196 Fessa
254 2149 436 2196 resedit
474 2149 625 2206 humi,
664 2153 934 2210 ventosque
971 2150 1158 2211 accepit
1194 2158 1363 2213 aperto
1590 2182 1623 2211 1,

132 2230 350 2286 Pectore,
394 2229 620 2275 turbatas
660 2227 979 2289 restituitque
1019 2240 1191 2277 comas.

68 2310 199 2355 Dum
237 2294 388 2366 sedet,
431 2308 687 2355 umbrosae
729 2306 902 2354 salices
936 2307 1252 2371 volucresque
1291 2327 1493 2360 canorae

134 2389 374 2435 Fecerunt
412 2403 620 2445 somnos,
660 2392 710 2434 et
751 2387 859 2434 leve
899 2403 1120 2434 murmur
1156 2404 1323 2451 aquae,
1464 2396 1473 2400 “

69 2468 260 2515 Blanda
299 2467 436 2530 quies
476 2467 653 2514 furtim
692 2467 840 2514 victis
879 2467 1098 2529 obrepsit
1134 2468 1314 2525 ocellis,

135 2549 201 2594 Et
237 2547 370 2594 cadit
408 2563 435 2593 a
472 2553 639 2595 mento
676 2546 911 2611 languida.
952 2546 1084 2593 facta
1119 2563 1305 2596 manus.
1588 2578 1625 2602 ao
