1788 2980
294 160 384 205 128
785 161 1014 209 OVJDJJ
1053 161 1264 208 FASTJ.
1632 159 1703 227 [m

265 265 505 312 Romulus
540 267 630 313 hoc
664 267 807 325 vidit,
844 268 1116 330 selectaque
1152 273 1347 331 pectora
1384 269 1557 316 Patres

330 345 488 392 Dixit.
558 347 640 393 Ad
678 347 766 393 hos
801 347 938 394 urbis
973 364 1163 394 summa
1194 348 1352 394 relata
1384 365 1553 395 novae.

272 424 399 470 Hinc
434 441 521 470 sua
557 425 761 472 maiores
795 426 1013 488 posuisse
1048 426 1287 473 vocabula
1320 427 1456 474 Maio

329 504 539 566 Tangor,
575 510 625 551 et
659 506 813 552 aetati
848 506 1152 553 consuluisse
1186 522 1315 553 suae.

201 609 236 638 75
261 583 328 629 Et
362 584 598 631 Numitor
632 585 813 633 dixisse
849 591 1026 649 potest,
1063 589 1156 646 Da,
1192 587 1416 648 Romule,
1455 603 1667 635 mensem

332 664 482 711 Hunc
517 665 729 725 senibus,
791 682 880 713 nec
915 684 1063 713 avum
1099 667 1391 714 sustinuisse
1422 683 1585 731 nepos

1765 678 1775 746 1

1768 743 1778 799 ἦ

286 825 365 865 The
383 826 474 877 fact
502 826 588 866 chat
615 826 737 875 June,
762 827 823 865 θαι
851 827 988 866 montlz
1015 829 1064 878 of
1090 827 1172 865 ‘ch
1199 826 1352 877 youny’
1373 827 1578 878 (iuvenes),
1603 827 1639 866 is
1667 803 1781 877 mccli

652 881 700 919 in
727 881 856 930 order,
888 881 1134 930 strenqthens
1161 880 1242 920 this
1269 882 1380 922 view.

267 975 369 1021 Nec
405 975 510 1022 leve
547 975 784 1038 propositi
820 975 997 1038 pignus
1031 991 1278 1022 successor
1310 975 1509 1021 honoris

333 1056 524 1114 Iunius,
560 1074 589 1103 a
623 1056 857 1103 iuvenum
893 1056 1089 1102 nomine
1125 1055 1299 1116 dictus,
1338 1056 1492 1103 adest.

322 1218 501 1268 Calliope
529 1221 703 1257 connects
730 1218 872 1257 Maius
901 1218 999 1256 with
1028 1219 1158 1265 Maia,
1192 1217 1254 1256 the
1281 1217 1432 1256 mother
1459 1217 1506 1267 of
1527 1217 1727 1266 Mercury.

266 1314 403 1360 Tunc
437 1312 520 1370 sic,
557 1313 806 1375 neglectos
842 1312 1021 1358 hedera
1055 1311 1287 1358 redimita
1320 1311 1538 1373 capiIIOS,

202 1410 241 1440 80
328 1392 498 1439 Prima
532 1392 607 1438 sui
641 1392 800 1454 coepit
835 1391 1083 1454 Calliopea
1117 1391 1283 1438 chori:

267 1474 492 1520 Duxerat
527 1473 748 1520 Oceanus
781 1472 1027 1533 quondam
1062 1471 1300 1518 Titanida
1335 1471 1546 1533 Tethyn,

333 1552 428 1608 Qui
462 1556 647 1598 terram
682 1550 899 1612 liquidis,
935 1559 1031 1612 qua
1066 1555 1220 1613 patet,
1257 1549 1415 1596 ambit
1448 1549 1588 1611 aquis

270 1631 402 1678 Hinc
437 1636 545 1677 sata
578 1631 778 1677 Pleione
811 1646 922 1676 cum
955 1630 1185 1677 caelifero
1217 1630 1429 1676 Atlante

334 1710 582 1773 Iungitur,
614 1714 672 1756 ut
706 1710 838 1756 fama
872 1714 962 1767 est,
994 1710 1313 1772 Pleiadasque
1349 1708 1492 1771 parit.

172 1842 175 1845 ,
203 1808 240 1845 85
264 1791 480 1847 Quarum
515 1789 651 1835 Maia
685 1805 799 1836 suas
832 1789 990 1835 forma
1024 1805 1276 1852 superasse
1310 1804 1497 1835 sorores

333 1870 584 1927 Traditur,
618 1874 671 1915 et
706 1885 894 1914 summo
929 1870 1074 1928 grata
1108 1867 1262 1914 fuisse
1297 1867 1408 1914 Iovi
1427 1884 1439 1926 3

223 1946 338 2003 ’Ὗς
359 1965 423 2036 jc
442 1949 587 1995 enixa
621 1948 736 2011 iugo
770 1949 1120 2011 cupressiferae
1156 1949 1385 2010 Cyllenes

305 2013 423 2092 ᾗ]
428 2055 440 2063 -
479 2029 626 2076 -rium
661 2028 850 2074 volucri
884 2028 968 2090 qui
1003 2029 1124 2090 pede
1159 2030 1316 2091 carpit
1350 2029 1459 2075 iter.

128 2098 142 2115 '⁷
174 2110 185 2130 ⁶
257 2121 318 2139 «ν
382 2079 532 2141 ‘ki
553 2125 666 2175 ,μμ
704 2108 968 2169 Ladonque
1002 2123 1167 2170 rapax,
1206 2112 1255 2155 et
1290 2108 1549 2154 Maenalus
1585 2112 1757 2170 ingens

277 2484 399 2530 Exul
437 2484 498 2529 ab
534 2484 684 2529 Arca
753 2479 768 2499 ⁸·
997 2469 1037 2519 ''³²-
1086 2501 1090 2504 ·
1133 2497 1212 2527 er
1246 2481 1295 2526 in
1332 2497 1476 2543 agros

336 2565 572 2619 Venerat,
610 2562 763 2624 impos
878 2555 884 2560 ⁴
