1788 2980
57 161 118 217 v.]
705 163 863 208 MAY.
1428 166 1517 212 135

54 269 273 315 Venerat
306 269 358 314 in
393 284 575 315 morem
611 269 778 331 populi
814 270 1069 333 depascere
1105 271 1261 317 saltus
1279 289 1291 328 ;

118 349 275 410 quue
310 349 394 394 diu
430 348 584 406 licuit,
622 365 871 411 poenaque
906 349 1045 396 nulla
1079 351 1194 396 fuit,

53 428 263 474 Vindice
298 429 528 474 servabat
563 429 702 476 nullo
738 445 826 475 sua
861 417 1061 492 publica*
1092 431 1304 492 vulgus3
1551 457 1606 485 ης

117 509 319 570 Iamque
353 508 405 553 in
441 508 634 570 privato
669 524 863 571 pascere
897 508 1073 555 inertis
1105 515 1225 557 erat.

52 588 217 634 Plebis
253 588 314 634 ad
350 587 532 634 aediles
567 588 803 650 perducta
836 588 1037 634 licentia
1072 589 1189 635 talis

118 668 397 714 Publicios:
445 667 638 714 animus
675 668 834 714 defuit
871 674 987 714 ante
1022 668 1156 716 viris.

54 746 177 792 Rem
213 746 421 808 populus
457 745 663 807 recipit:
710 745 945 792 mulctam
982 746 1176 792 subiere
1211 752 1475 801 nocentes3

117 825 414 871 Vindicibus
451 825 587 870 laudi
623 825 818 887 publica
853 841 969 870 cura
1002 825 1115 872 fuit.
1551 853 1605 880 250

0 920 2 990 J
53 905 243 951 Mulcta
280 906 398 951 data
432 909 509 951 est
544 920 604 951 ex
639 910 779 967 parte
812 904 934 950 mihi
951 922 963 963 ,-
1012 921 1286 967 magnoque
1321 905 1488 953 favore

0 991 1 1031 1
118 987 345 1033 Victores
379 986 521 1033 ludos
555 985 820 1034 instituere
854 1002 1017 1033 novos.

51 1067 201 1113 Parte
236 1066 399 1112 locant
436 1066 645 1124 Clivum‚
683 1066 767 1128 qui
802 1070 921 1113 tunc
956 1070 1062 1113 erat
1096 1067 1250 1113 ardua
1285 1083 1457 1130 rupes:

116 1145 258 1192 Utile
292 1161 421 1191 nunc
456 1145 554 1191 iter
587 1150 677 1203 est,
715 1145 1090 1208 Publiciumque
1124 1152 1317 1194 vocant.

49 1320 154 1359 How
179 1320 250 1359 Iler
276 1332 408 1369 yames
437 1320 586 1359 bacam
613 1321 789 1360 annual.
854 1320 936 1359 The
972 1320 1067 1370 qods
1108 1321 1188 1359 love
1228 1322 1406 1372 sacrifice
1442 1323 1526 1362 and

48 1373 233 1423 worship,
267 1373 351 1412 aud
378 1386 448 1412 are
475 1374 701 1466 wrmhfgfie
714 1374 1039 1466 νέᾍεῖἒιῃῗέἕήτεά.
1099 1375 1243 1414 Diana
1271 1376 1356 1414 and
1395 1376 1527 1415 Venus

48 1544 232 1590 Annua
265 1544 566 1591 credideram
602 1543 878 1606 spectacula
913 1543 1046 1589 facta
1064 1560 1078 1602 3
1125 1543 1342 1606 negavit,
1547 1568 1602 1598 2⁵⁵

113 1624 329 1670 Addidit
363 1630 414 1671 et
450 1623 596 1671 dictis
631 1624 787 1669 altera
823 1623 974 1669 verba
1009 1623 1122 1671 suis.

48 1704 152 1750 Nos
186 1697 574 1767 quoque’tangit
610 1704 764 1750 honor
783 1719 796 1761 3
838 1702 980 1749 festis
1015 1704 1284 1765 gaudemus
1320 1708 1370 1749 et
1405 1703 1521 1761 arie,

114 1784 371 1845 Turbaque
406 1783 641 1830 caelestes
675 1782 937 1828 ambitiosa
971 1799 1153 1829 sumus.

47 1863 197 1925 Saepe
232 1864 346 1910 deos
381 1863 559 1925 aliquis
595 1863 836 1925 peccando
872 1862 991 1910 fecit
1025 1862 1234 1924 iniquos,

113 1944 179 1989 Et
215 1960 301 2005 pro
337 1942 532 1990 delictis
567 1943 731 1989 hostia
767 1942 949 1989 blanda
983 1943 1097 1989 fuit.
1543 1958 1602 1990 πᾶν)

45 2024 195 2086 Saepe
229 2024 399 2070 Iovem
433 2024 550 2082 vidi,
586 2040 696 2070 cum
731 2023 829 2069 iam
863 2040 951 2069 sua
984 2023 1183 2070 mittere
1217 2022 1369 2069 vellet

111 2103 350 2162 Fulmina,
388 2109 499 2150 ture
534 2104 650 2151 dato
687 2103 981 2150 sustinuisse
1016 2119 1230 2149 manum.

44 2184 117 2228 At
152 2183 194 2229 si
229 2183 548 2246 neglegimur‚
584 2183 777 2245 magnis
811 2183 993 2229 iniuria
1028 2182 1195 2245 poenis

109 2264 331 2310 Solvitur
365 2270 416 2311 et
449 2265 635 2311 iustum
670 2264 908 2326 praeterit
942 2264 1016 2310 ira
1051 2265 1263 2309 modum.

44 2344 248 2406 Respice
280 2344 579 2391 Thestiaden
596 2360 609 2402 3
655 2344 860 2390 flammis
895 2344 1182 2389 absentibus
1217 2344 1355 2390 arsit.
1540 2353 1598 2391 265

109 2424 266 2470 Causa
300 2428 389 2481 est,
428 2424 556 2485 quod
592 2424 814 2470 Phoebes
849 2440 934 2469 ara
967 2423 1071 2468 sine
1107 2423 1220 2484 igne
1254 2423 1367 2470 fuit.

46 2503 248 2565 Respice
282 2503 579 2551 Tantaliden
596 2519 609 2562 3
655 2502 822 2550 eadem
858 2503 948 2549 dea
981 2502 1093 2549 vela
1126 2504 1341 2549 tenebat.

109 2585 264 2646 Virgo
300 2589 389 2642 est,
426 2589 477 2631 et
512 2587 703 2651 spretos
737 2584 814 2630 bis
849 2587 1015 2630 tamen
1049 2583 1157 2628 ulta
1190 2582 1338 2628 focos.
