1788 2980
97 169 185 236 VI-]
747 185 939 233 JUNE.
1456 183 1547 231 177

154 292 354 349 Fallere,
394 292 614 353 personis
649 291 857 353 imperat
892 307 976 336 ora
1010 291 1127 352 tegi,

86 370 436 432 Admiscetque
470 370 593 417 alios
628 375 690 428 et,
730 375 787 416 ut
823 371 952 416 hunc
986 370 1194 417 tibicina
1230 373 1421 416 coetum
1580 394 1635 425 593

150 452 363 511 Augeat,
399 451 452 496 in
487 450 647 512 longis
682 450 905 496 vestibus
940 450 1011 497 ire
1046 451 1219 497 iubet:

86 530 162 576 Sic
197 531 397 577 reduces
431 531 554 577 bene
590 546 728 593 posse
764 530 879 592 tegi,
919 547 980 577 ne
1015 531 1145 577 forte
1180 534 1418 577 notentur

0 616 1 623 ’
151 610 336 657 Contra
369 610 581 672 collegae
615 610 750 656 iussa
783 610 967 657 redisse
1002 611 1093 658 sui.

86 691 183 736 Res
219 689 433 752 placuit3
467 690 699 752 cultuque
733 706 860 737 novo
895 689 1012 736 licet
1046 689 1222 736 Idibus
1257 689 1348 746 uti,

151 771 218 816 Et
251 786 423 817 canere
458 771 519 817 ad
555 774 746 817 veteres
780 770 931 816 verba
976 769 1136 816 iocosa
1171 769 1353 816 modos.
1579 783 1639 814 όοο

362 917 465 966 Why
496 917 556 955 the
574 917 744 966 festival
772 917 808 955 is
837 917 964 956 called
993 917 1288 967 Quinquavms.

87 1031 224 1077 Haec
257 1030 343 1076 ubi
378 1031 646 1092 perdocuit,
684 1031 917 1093 Superest
951 1030 1073 1076 mihi
1110 1030 1309 1088 discere,
1347 1030 1462 1087 dixi,

152 1112 251 1158 Cur
285 1111 351 1158 sit
386 1112 723 1173 Quinquatrus
759 1112 846 1157 illa
891 1117 1064 1159 vocata
1101 1112 1215 1160 dies.

86 1191 315 1248 Martius,
353 1191 530 1253 inquit,
569 1191 675 1253 agit
709 1191 800 1237 tali
834 1208 941 1238 mea
976 1191 1171 1238 nomine
1206 1191 1350 1249 festa,

153 1271 337 1332 Estque
373 1271 464 1317 sub
488 1270 708 1317 inventis
743 1271 860 1317 haec
895 1286 1085 1333 quoque
1120 1271 1270 1317 turba
1303 1271 1438 1318 meis.

88 1417 300 1456 Invention
328 1418 374 1468 os
410 1418 471 1457 tlw
504 1418 621 1468 flute.
681 1417 906 1511 Mams
933 1430 1150 1468 awoqance
1177 1419 1263 1458 and
1301 1420 1354 1458 its
1385 1422 1557 1469 punzsh-

87 1586 269 1643 Prima,
306 1588 554 1633 terebrato
590 1604 675 1649 per
708 1603 819 1632 rara
854 1587 1096 1633 foramina
1132 1588 1261 1633 buxo
1581 1611 1640 1651 605

152 1666 229 1713 Ut
265 1665 420 1723 daret,
457 1665 605 1725 effeci,
642 1666 768 1712 tibia
803 1666 950 1728 longa
986 1683 1140 1712 sonos.

89 1746 202 1792 Vox
236 1746 422 1808 placuit
440 1763 452 1804 3
497 1746 671 1793 faciem
706 1745 907 1808 liquidis
942 1746 1272 1794 referentibus
1308 1749 1454 1794 undis

153 1825 275 1872 Vidi
310 1826 558 1889 virgineas
593 1826 889 1872 intumuisse
925 1842 1089 1888 genas.

92 1907 187 1951 Ars
221 1905 342 1951 mihi
376 1921 476 1952 non
511 1905 644 1951 tanti
678 1909 787 1963 est3
823 1905 1003 1963 valeas,
1034 1921 1142 1952 mea
1176 1906 1331 1953 tibia!
1367 1907 1483 1954 dixi.

155 1985 353 2047 Excipit
386 1986 632 2034 abiectam
666 1986 847 2048 cespite
882 1986 990 2048 ripa
1025 2002 1126 2033 suo.
1584 2006 1642 2034 σω

92 2064 355 2110 Inventam
390 2069 586 2126 satyrus
622 2065 834 2127 primum
867 2065 1079 2111 miratur
1095 2081 1109 2123 3
1155 2070 1206 2112 et
1240 2082 1383 2112 usum

156 2143 329 2190 Nescit
364 2148 414 2190 et
449 2144 670 2190 inflatam
706 2145 861 2190 sentit
896 2145 1075 2191 habere
1111 2161 1285 2197 sonum
1301 2161 1315 2204 3

95 2224 157 2268 Et
191 2224 333 2270 modo
368 2225 581 2271 dimittit
616 2225 802 2287 digitis,
837 2225 979 2272 modo
1014 2225 1227 2288 concipit
1260 2242 1404 2272 auras
1420 2243 1434 2286 3

158 2303 361 2365 Iamque
396 2296 528 2351 inter
561 2305 803 2367 nymphas
837 2310 944 2352 arte
979 2306 1217 2368 superbus
1252 2310 1390 2351 erat:

93 2382 335 2428 Provocat
358 2387 409 2429 et
433 2383 688 2430 Phoebum
709 2401 722 2443 3
757 2383 959 2430 Phoebo
996 2388 1257 2445 superante
1294 2386 1523 2446 pependit
1546 2402 1560 2443 3
1582 2402 1640 2441 σι,

160 2462 309 2507 Caesa
342 2467 647 2510 recesserunt
681 2479 710 2508 a
743 2467 855 2509 cute
889 2463 1107 2509 membra
1141 2479 1243 2511 sua.

95 2541 211 2586 Sum
235 2545 400 2587 tamen
423 2542 678 2589 inventrix
712 2545 977 2604 auctorque
1011 2557 1100 2604 ego
1134 2543 1365 2590 carminis
1390 2544 1546 2592 huius.

161 2620 269 2666 Hoc
304 2626 391 2679 est,
431 2638 517 2668 cur
551 2626 745 2668 nostros
779 2638 858 2668 ars
894 2620 1023 2667 colat
1056 2621 1154 2668 ista
1190 2622 1309 2670 dies.

1352 2722 1384 2755 N
