1788 2980
184 143 240 189 12
676 143 903 189 OVIDII
951 142 1157 189 FASTI.
1527 140 1644 209 [mn.

245 252 378 308 Quae
412 251 591 309 fuerat,
629 256 740 298 tuto
775 251 972 298 reddita
1006 251 1164 298 forma
1199 252 1303 299 loco
1338 257 1430 300 est.

94 356 149 387 ⁸7⁵
174 331 280 378 Ara
314 330 435 378 mihi
471 331 633 395 posita
667 335 743 379 est
777 347 929 394 parvo
964 331 1228 379 coniuncta
1263 331 1477 381 sacello:

247 411 383 459 Haec
417 411 582 459 adolet
617 411 824 459 flammis
858 427 968 458 cum
1005 416 1140 459 strue
1175 412 1309 460 farra
1344 412 1459 461 suis.
1479 456 1518 498 b

181 561 286 612 Why
312 561 377 601 the
404 561 544 612 temple
573 562 620 612 os
649 561 787 601 Janus
814 562 851 601 is
878 574 975 612 open
1003 562 1050 601 in
1078 574 1178 611 war,
1212 561 1280 601 but
1307 562 1402 601 shut
1436 561 1485 601 in
1516 573 1642 612 peace.

180 658 252 703 At
285 672 372 704 cur
405 672 520 719 pace
554 655 694 716 lates,
730 656 972 719 motisque
1007 656 1273 704 recluderis
1309 644 1493 704 armis?

244 737 349 784 Nec
383 752 548 784 mora:
601 737 812 799 quaesiti
849 737 1045 783 reddita
1080 754 1225 784 causa
1260 737 1381 783 mihi
1417 741 1506 784 est.

180 818 253 865 Ut
288 816 466 880 populo
501 816 693 863 reditus
728 820 933 880 pateant
968 817 1030 863 ad
1066 816 1197 863 bella
1232 817 1466 880 profecto,

92 916 149 947 280
238 899 364 946 Tota
399 902 537 961 patet
572 899 770 961 dempta
805 898 954 945 ianua
989 903 1160 945 nostra
1196 914 1317 946 sera.

178 979 303 1026 Pace
337 978 468 1025 fores
502 979 642 1036 obdo,
680 995 740 1026 ne
775 995 871 1040 qua
907 978 1154 1025 discedere
1189 979 1373 1042 possitz

245 1059 575 1121 Caesareoque
611 1058 695 1105 diu
731 1058 928 1105 nomine
962 1059 1158 1105 clausus
1193 1074 1288 1106 ero.

180 1139 337 1198 Dixit,
374 1143 425 1186 et
458 1139 695 1185 attollens
730 1138 896 1185 oculos
932 1138 1127 1185 diversa
1161 1143 1362 1186 tuentes

244 1219 457 1283 Aspexit
491 1222 599 1265 toto
633 1217 872 1280 quidquid
909 1217 962 1263 in
997 1217 1113 1263 orbe
1149 1216 1262 1264 fuit.

93 1316 148 1354 285
175 1300 280 1346 Pax
313 1303 435 1358 erat,
471 1302 521 1346 et
556 1297 726 1356 vestri,
762 1296 1062 1356 Germanice,
1099 1312 1245 1343 causa
1279 1296 1519 1359 triumphi

243 1379 536 1426 Tradiderat
571 1377 782 1424 famulas
817 1376 914 1422 iam
950 1376 1044 1423 tibi
1083 1376 1288 1423 Rhenus
1323 1392 1488 1439 aquas.

181 1461 315 1520 Iane,
351 1459 457 1506 face
490 1462 717 1506 aeternos
752 1473 917 1521 pacem
952 1456 1180 1520 pacisque
1215 1456 1483 1515 ministros,

244 1540 384 1587 Neve
418 1555 576 1597 suum,
613 1542 822 1601 praesta,
861 1538 1055 1584 deserat
1087 1541 1258 1583 auctor
1292 1553 1427 1599 opus.

179 1687 356 1738 Temples
382 1686 587 1726 dedicated
614 1698 664 1726 on
691 1685 790 1726 Jan.
827 1686 898 1734 lsi,
935 1687 972 1724 to
991 1684 1263 1735 Aesculapius
1290 1684 1376 1723 and
1403 1687 1440 1724 to
1468 1684 1640 1735 Jupiter,

179 1783 318 1839 Quod
353 1786 518 1829 tamen
553 1797 613 1828 ex
648 1780 768 1844 ipsis
804 1780 946 1827 licuit
981 1779 1102 1826 mihi
1137 1779 1321 1827 discere
1356 1779 1515 1839 fastis,

93 1889 152 1920 290
241 1863 502 1910 Sacravere
537 1865 700 1925 patres
737 1861 827 1908 hoc
862 1861 958 1907 duo
995 1859 1180 1922 templa
1215 1859 1309 1905 die.

180 1942 385 2006 Accepit
420 1942 618 1989 Phoebo
653 1941 964 2003 nymphaque
1001 1939 1241 1986 Coronide
1277 1943 1450 1986 natum

245 2015 432 2080 Insula,
470 2021 673 2069 dividua
707 2037 852 2083 quam
888 2019 1067 2082 premit
1102 2018 1261 2066 amnis
1295 2035 1434 2081 aqua.

180 2102 406 2166 Iuppiter
439 2102 489 2149 in
527 2106 666 2165 parte
701 2106 776 2148 est
793 2117 807 2161 ;
840 2101 971 2164 cepit
1012 2101 1146 2147 locus
1182 2117 1310 2147 unus
1346 2104 1623 2162 utrumque,

245 2182 518 2246 Iunctaque
555 2186 672 2228 sunt
708 2198 884 2244 magno
920 2181 1104 2244 templa
1140 2180 1333 2243 nepotis
1368 2197 1472 2227 avo.

428 2325 479 2364 In
501 2325 642 2375 pmice
669 2325 716 2375 os
737 2327 966 2373 astronomy
994 2322 1079 2362 and
1107 2322 1388 2361 astroowmers.

93 2445 148 2477 ²95
173 2419 293 2476 Quis
327 2424 466 2467 vetat
501 2424 551 2467 et
587 2419 771 2477 stellas,
798 2423 853 2465 ut
882 2433 1100 2480 quaeque
1124 2417 1378 2479 oriturque
1401 2417 1644 2479 caditque,

248 2501 460 2548 Dicere'l
510 2499 735 2563 promissi
770 2515 882 2562 pars
917 2498 1016 2545 fuit
1050 2497 1150 2544 ista
1185 2497 1295 2546 mei.

182 2582 363 2628 Felices
397 2581 601 2637 animae,
638 2578 815 2641 quibus
851 2578 968 2624 haec
1003 2591 1290 2638 cognoscere
1325 2574 1496 2638 primis
