1788 2980
1770 0 1779 111 :su--u

261 142 324 188 50
745 145 977 192 ΘΗΜ]
1006 147 1226 193 FASTJ.
1639 142 1781 217 [Lmj

325 251 476 297 Dicta
515 252 712 314 placent
733 270 746 312 3
783 253 938 300 frenis
968 255 1309 317 impediuntur
1333 258 1446 319 equi
1466 275 1480 317 3
1776 214 1781 285 ξ

259 327 584 376 Pertulerant
621 329 843 377 dominos
861 349 874 390 3
909 333 1099 394 regalia
1135 334 1365 395 protinus
1399 335 1477 381 illi
1776 288 1783 376 l

179 426 238 464 580
328 406 477 452 Tecta
513 412 730 469 petunt3
767 413 932 456 custos
969 411 1021 455 in
1057 410 1163 457 fore
1199 411 1367 459 nullus
1403 417 1526 461 erat.
1781 428 1783 467 1

258 484 382 529 Ecce
418 500 602 531 nurum
638 486 771 547 regis
808 486 934 533 fusis
969 504 1057 550 per
1093 489 1218 535 colla
1254 490 1446 536 coronis
1782 475 1783 486 ἵ

325 560 604 608 Inveniunt
640 563 803 624 posito
839 565 1138 627 pervigilare
1174 582 1323 614 mero.

705 762 786 802 The
815 765 1005 802 virtuous
1033 763 1240 805 Lucretia.

833 831 873 856 ἢ

257 875 385 923 Inde
421 878 521 926 cito
557 896 707 942 passu
743 883 936 943 petitur
971 882 1219 928 Lucretia.
1291 882 1460 929 Nebat
1479 899 1492 942 3

323 955 465 1002 Ante
501 957 669 1003 torum
705 959 893 1004 calathi
930 959 1144 1021 lanaque
1180 959 1340 1005 mollis
1381 965 1537 1006 erant.

176 1046 234 1086 585
259 1034 450 1080 Lumen
486 1035 548 1081 ad
585 1037 819 1098 exiguum
855 1036 1072 1083 famulae
1108 1037 1227 1083 data
1261 1054 1415 1100 pensa
1450 1038 1737 1094 trahebant,

328 1114 474 1159 Inter
508 1129 632 1174 quas
667 1114 810 1160 tenui
847 1114 915 1160 sic
951 1114 1024 1160 ait
1059 1115 1166 1177 ipsa
1203 1131 1355 1162 sono:

259 1192 516 1243 Mitt-enda
540 1197 616 1239 est
640 1193 853 1251 domino,
883 1191 1049 1256 (nunc,
1067 1209 1199 1239 nunc
1224 1198 1500 1256 properate,
1522 1192 1755 1257 puellae,)

323 1270 705 1332 Quamprimum
741 1275 915 1316 nostra
951 1270 1086 1316 facta
1122 1271 1320 1316 lacerna
1355 1287 1519 1318 manu.

255 1351 384 1407 Quid
421 1356 597 1398 tamen
634 1351 856 1398 auditis?
892 1367 1009 1397 nam
1045 1352 1189 1413 plura
1225 1352 1397 1397 audire
1433 1353 1676 1412 potestis;

177 1460 240 1489 590
331 1431 587 1486 Quantum
624 1429 682 1475 de
718 1429 848 1475 bello
886 1429 1068 1474 dicitur
1104 1446 1207 1475 esse
1245 1431 1422 1492 super?
1691 1421 1693 1423 ¹

263 1509 530 1555 Postmodo
566 1508 701 1554 Victa
737 1508 914 1567 cades3
949 1508 1253 1564 melioribus,
1290 1508 1473 1565 Ardea,
1512 1514 1687 1565 restas,

322 1587 573 1648 Improba,
611 1602 737 1648 quae
773 1585 1139 1647 nostroscogis
1176 1585 1347 1631 abesse
1383 1585 1526 1633 viros.

257 1664 371 1710 Sint
406 1669 608 1710 tantum
646 1664 859 1710 reduces.
938 1663 1031 1709 Sed
1070 1663 1201 1709 enim
1236 1665 1530 1710 temerarius
1567 1665 1649 1710 ille

327 1743 419 1787 Est
454 1759 606 1800 meus,
645 1747 694 1788 et
733 1741 908 1787 stricto
944 1740 1170 1802 qualibet
1205 1756 1320 1786 ense
1354 1741 1471 1787 ruit.

178 1845 236 1873 595
267 1824 415 1870 Mens
450 1821 558 1866 abit
593 1824 644 1866 et
678 1818 875 1874 morior,
912 1817 1143 1879 quotiens
1178 1819 1451 1879 pugnantis
1487 1819 1649 1880 imago

326 1902 411 1947 Me
449 1899 599 1953 subit,
637 1901 689 1943 et
724 1896 942 1958 gelidum
979 1900 1179 1957 pectora
1215 1894 1374 1956 frigus
1411 1896 1575 1942 habet.

257 1962 458 2026 Desinit
493 1977 546 2022 in
580 1976 823 2037 lacrimas,
860 1974 1156 2034 intentaque
1191 1973 1273 2017 fila
1309 1973 1538 2029 remittit,

327 2059 392 2103 In
428 2054 615 2118 gremio
650 2053 850 2100 vultum
887 2050 1211 2113 deposuitque
1249 2067 1349 2096 suo.

261 2136 372 2181 Hoc
408 2135 570 2196 ipsum
607 2131 803 2177 decuit:
842 2129 1071 2174 lacrimae
1108 2129 1309 2174 decuere
1346 2128 1562 2190 pudicae,

178 2235 239 2265 600
330 2214 396 2259 Et
433 2211 585 2257 facies
620 2209 784 2255 animo
821 2208 1066 2268 dignaque
1101 2222 1289 2267 parque
1324 2205 1437 2253 fuit.

259 2293 399 2337 Pone
435 2293 639 2343 metum,
677 2286 838 2342 venio,
876 2284 1093 2330 coniunx
1127 2284 1214 2330 ait.
1285 2283 1383 2328 Illa
1418 2283 1617 2339 revixit,

328 2369 500 2429 Deque
535 2365 632 2412 viri
668 2364 793 2410 collo
831 2363 972 2408 dulce
1007 2361 1243 2424 pependit
1278 2377 1415 2408 onus.
