1788 2980
202 158 290 203 140
695 156 922 204 OVJDJJ
964 156 1175 203 FASTJ.
1546 149 1662 218 [mn.

366 312 465 361 May
495 312 575 360 eth,
609 312 728 353 Prid.
761 312 866 351 Non.
902 312 1212 361 Mai.—Risi⁷29
1240 311 1287 361 os
1310 311 1482 360 Scorpio.

197 406 418 467 Scorpios
453 406 505 452 in
541 407 687 462 caelo,
725 423 834 452 cum
869 422 974 451 cras
1009 406 1250 451 lucescere
1285 405 1456 449 Nonas

112 511 169 540 370
258 487 496 545 Dicimus,
530 504 559 532 a
594 487 752 533 media
788 498 925 548 parte
961 487 1210 532 notandus
1245 484 1354 531 erit.

385 644 486 692 May
515 643 595 690 9th,
630 642 712 683 ad.
758 643 853 681 VII.
888 643 952 682 Id.
986 642 1238 681 Mac—The
1266 642 1475 680 Lemuria.

198 738 332 784 Hinc
367 738 453 784 ubi
488 738 752 800 protulerit
787 737 1002 783 formosa
1036 741 1113 783 ter
1148 737 1401 798 Hesperus
1436 752 1534 794 ora>

262 818 356 863 Ter
391 818 618 864 dederint
655 818 852 864 Phoebo
889 817 1049 864 sidera
1083 817 1216 863 victa
1250 815 1424 871 locum,

198 897 347 942 Ritus
383 898 479 944 erit
513 898 713 954 veteris,
750 903 993 943 nocturna
1028 896 1272 953 Lemuria,
1310 895 1461 941 sacri:

263 977 477 1024 Inferias
512 978 679 1023 tacitis
713 977 948 1024 Manibus
982 977 1070 1022 illa
1107 977 1311 1023 dabunt.

112 1082 167 1112 375
196 1059 371 1104 Annus
406 1063 512 1104 erat
548 1058 758 1116 brevior,
795 1074 883 1104 nec
917 1058 1076 1103 adhuc
1111 1057 1192 1119 pia
1226 1056 1401 1102 februa
1436 1061 1628 1114 norant,

263 1138 314 1184 N
317 1154 368 1184 ec
403 1144 459 1184 tu
496 1139 597 1185 dux
632 1155 868 1196 mensum,
905 1138 1026 1185 Iane
1061 1138 1299 1196 biformis,
1334 1153 1455 1184 eras.

199 1217 305 1263 Iam
341 1223 506 1265 tamen
542 1218 763 1264 extincto
799 1217 952 1280 cineri
986 1234 1074 1264 sua
1109 1218 1237 1263 dona
1270 1217 1512 1274 ferebant,

266 1299 630 1361 Compositique
667 1315 817 1361 nepos
851 1298 1000 1344 busta
1035 1298 1205 1361 piabat
1240 1297 1334 1344 avi.

201 1378 388 1425 Mensis
423 1384 529 1425 erat
565 1378 745 1436 Maius,
782 1378 1020 1424 maiorum
1054 1378 1250 1424 nomine
1286 1378 1463 1434 dictus,

114 1474 172 1513 380
261 1457 354 1514 Qui
391 1463 579 1520 partem
616 1458 762 1520 prisci
798 1474 927 1504 nunc
961 1474 1150 1521 quoque
1187 1457 1335 1503 moris
1370 1456 1533 1504 habet.

687 1622 792 1660 How
820 1625 856 1660 to
886 1621 964 1660 ban
993 1634 1020 1660 α
1047 1622 1168 1672 qhost.

203 1714 315 1761 Nox
350 1714 434 1761 ubi
468 1714 566 1761 iam
601 1715 761 1761 media
795 1720 870 1762 est
906 1732 1169 1778 somnoque
1203 1716 1403 1763 silentia
1437 1716 1638 1779 praebet

268 1794 333 1839 Et
369 1794 503 1840 canis
537 1799 588 1840 et
623 1794 788 1840 variae
824 1795 1133 1842 conticuistis
1168 1812 1317 1855 aves3

204 1873 300 1920 Ille
334 1890 518 1920 memor
552 1874 735 1920 veteris
771 1875 898 1921 ritus
934 1875 1235 1937 timidusque
1271 1876 1472 1922 deorum

268 1954 472 2015 Surgit:
518 1955 703 2000 habent
737 1956 920 2018 gemini
954 1956 1152 2002 vincula
1186 1956 1325 2001 nulla
1359 1957 1536 2018 pedes:

118 2049 173 2089 385
198 2033 443 2095 Signaque
480 2035 580 2092 dat,
618 2036 790 2097 digitis
824 2036 983 2083 medio
1018 2053 1127 2082 cum
1163 2036 1336 2099 pollice
1371 2036 1566 2092 iunctis,

270 2113 506 2160 Occurrat.
541 2114 694 2161 tacito
729 2132 790 2162 ne
826 2115 950 2162 levis
985 2117 1158 2162 umbra
1193 2116 1288 2162 sibi
1304 2133 1316 2174 3

204 2193 420 2254 Cumque
455 2210 629 2240 manus
664 2212 810 2256 puras
847 2195 1055 2240 fontana
1090 2195 1273 2257 perluit
1308 2195 1453 2253 unda,

270 2273 503 2318 Vertitur
537 2279 587 2319 et
623 2274 789 2335 nigras
823 2274 999 2336 accipit
1035 2291 1116 2321 ore
1149 2275 1303 2332 fabas,

204 2353 519 2413 Aversusque
553 2353 700 2407 iacit3
744 2354 827 2399 sed
865 2355 979 2400 dum
1015 2354 1147 2412 iacit,
1185 2355 1322 2401 Haec
1356 2371 1444 2416 ego
1479 2355 1640 2414 mitto,

118 2457 177 2488 390
266 2431 377 2488 His,
413 2432 592 2494 inquit,
631 2433 815 2480 redimo
849 2450 1019 2496 meque
1054 2451 1279 2496 meosque
1313 2434 1455 2481 fabis.

206 2510 314 2555 Hoc
349 2511 518 2557 novies
555 2511 690 2569 dicit,
727 2528 815 2558 nec
851 2513 1065 2575 respicit.
1140 2514 1330 2560 Umbra
1364 2518 1568 2576 putatur

272 2590 523 2651 Colligere,
562 2596 613 2637 et
647 2591 784 2638 nullo
820 2597 959 2654 terga
992 2593 1192 2640 vidente
1227 2595 1378 2640 senui.
