1788 2980
32 186 83 248 ι.]
547 184 918 231 FEBRUARY.
1405 182 1464 226 53

33 292 441 352 'randaevumque
478 294 667 352 patrem
708 291 803 336 fido
843 305 953 336 cum
993 289 1198 350 coniuge
1232 288 1408 334 eastris

69 372 283 418 Evocat:
323 375 373 416 et
414 369 574 432 posita
604 370 743 416 venit
780 374 988 432 uterque
1027 357 1176 415 mora.

9 453 171 513 thue
194 451 367 497 vident
391 450 631 508 habitum,
657 466 779 512 quae
804 450 967 496 luctus
992 465 1153 507 causa,
1177 446 1452 511 requirunt,

69 530 159 578 Oui
195 535 334 593 paret
370 528 614 591 exequias,
654 546 810 591 quove
854 529 922 576 sit
968 529 1072 575 icta
1108 528 1250 575 malo.
1230 553 1348 593 ‚sl
1503 541 1559 572 ⁶60

0 595 100 658 'Illa
140 610 223 658 diu
262 609 451 667 reticet,
492 609 875 671 pudibundaque
915 610 1044 656 celat
1068 608 1252 654 amictu

0 682 3 743 ,¹
69 691 198 748 Ora3
234 689 395 734 fluunt
436 688 664 735 lacrimae
701 704 833 735 more
871 687 1098 751 perennis
1141 702 1309 749 aquae.

0 770 137 816 lHinc
160 773 314 831 pater,
340 768 454 815 hinc
477 767 691 814 coniunx
714 768 940 814 lacrimas
965 768 1204 824 solantur,
1230 770 1281 812 et
1305 770 1450 812 orant

0 840 1 864 *
70 848 265 894 Indicet
280 864 294 906 3
332 851 382 894 et
422 862 560 893 caeco
598 848 813 909 flentque
849 851 1129 909 paventque
1164 849 1316 892 metu-

7 928 96 973 Ter
136 931 311 974 conata
351 926 499 988 loqui,
541 931 618 972 ter
660 926 871 984 destitit,
910 941 1123 988 ausaque
1160 930 1335 988 quarto
1506 951 1566 989 553

70 1008 185 1053 Non
221 1007 384 1053 oculos
421 1006 529 1052 ideo
568 1007 774 1053 sustulit
810 1007 899 1052 illa
939 1022 1065 1053 suos.

10 1087 114 1133 Hoc
153 1103 342 1149 quoque
381 1086 647 1148 Tarquinio
686 1087 1003 1133 debebimus'l
1053 1086 1268 1148 eloquar,
1305 1084 1482 1147 inquit,

72 1166 286 1227 Eloquar
325 1165 502 1211 infelix
542 1165 750 1211 dedecus
791 1165 897 1227 ipsa
935 1167 1133 1211 meum‘l

7 1245 232 1305 Quaeque
268 1247 449 1306 potest,
472 1248 658 1290 narrat.
729 1243 1010 1290 Restabant
1047 1243 1258 1303 ultima,
1297 1242 1467 1311 flevit,¹¹⁸¹
1595 1301 1599 1308 ι

72 1323 139 1368 Et
174 1322 470 1369 matronales
507 1322 743 1369 erubuere
783 1338 947 1385 genae.
1383 1375 1394 1401 ⁵¹
1465 1316 1475 1368 ’1
1505 1307 1640 1407 ξέλὺ

8 1402 143 1447 Dant
180 1401 373 1454 veniam
412 1401 544 1448 facto
579 1401 774 1463 genitor
812 1402 1122 1465 coniunxque
1156 1406 1363 1450 coactae.

69 1482 241 1538 Quam,
267 1482 410 1539 dixit,
451 1481 645 1529 veniam
683 1498 770 1529 vos
812 1482 958 1540 datis,
1000 1483 1108 1545 ipsa
1144 1498 1281 1544 neg0.

11 1561 110 1607 Nec
151 1577 286 1606 mora
302 1577 315 1620 3
355 1560 510 1607 celato
549 1561 658 1623 figit
695 1577 783 1606 sua
824 1567 1022 1624 pectora
1060 1562 1207 1619 ferro,

75 1639 141 1685 Et
172 1640 304 1686 cadit
341 1640 393 1685 in
431 1639 615 1701 patrios
656 1640 1036 1701 sanguinolenta
1077 1642 1234 1702 pedes.

9 1718 143 1764 Tunc
166 1734 354 1781 quoque
376 1718 472 1772 iam
498 1718 721 1775 moriens,
747 1735 808 1765 ne
832 1736 929 1765 non
955 1721 1240 1781 procumbat
1264 1721 1481 1779 honeste,
1506 1726 1565 1768 675

75 1798 322 1860 Respicit3
364 1799 481 1844 haec
521 1798 670 1844 etiam
708 1815 824 1845 cura
861 1800 1081 1846 cadentis
1121 1805 1242 1846 erat.

24 1956 139 2018 They
165 1968 293 1995 swear
320 1969 531 2006 venyeance
559 1958 718 2005 aqainst
757 1958 819 1996 the
852 1958 1071 2007 Tar-quim,
1104 1958 1190 1996 who
1219 1969 1287 1995 are
1315 1956 1488 2007 expelled

211 2010 326 2060 from
353 2011 486 2056 Rome,
519 2011 604 2048 and
631 2011 692 2048 tlte
711 2011 808 2060 first
838 2011 968 2049 Coma
971 2012 1005 2050 ῖς
1032 2020 1102 2049 are
1121 2011 1269 2050 elected.

15 2104 137 2150 Ecce
179 2120 326 2166 super
364 2120 538 2166 corpus
578 2105 851 2150 communia
893 2106 1069 2151 damna
1106 2108 1370 2166 gementes,

79 2182 237 2229 Obliti
276 2183 478 2241 decoris,
516 2184 688 2245 virque
726 2190 959 2246 paterque
997 2184 1176 2244 iacent..

17 2262 200 2307 Brutus
236 2262 392 2319 adest,
431 2263 724 2324 tandemque
763 2263 925 2309 animo
961 2280 1051 2310 sua
1086 2263 1284 2309 nomina
1307 2264 1457 2323 fallit,

81 2341 297 2402 Fixaque
332 2342 604 2388 semianimi
638 2359 835 2405 corpore
869 2343 970 2389 tela
1005 2343 1136 2404 rapit
1155 2360 1168 2402 3
1511 2359 1569 2391 680

15 2419 392 2487 Stillantemque
431 2425 605 2467 tenens
640 2438 873 2483 generoso
909 2422 1145 2483 sanguine
1185 2422 1413 2480 cultrum,

83 2499 254 2545 Edidit
289 2500 562 2561 impavidos
598 2518 678 2547 ore
712 2502 932 2547 minante
967 2517 1139 2547 sonos:

19 2576 112 2622 Per
152 2577 270 2635 Q
283 2594 370 2624 ecro
412 2579 557 2632 huaenc-
578 2580 686 2625 iuro
718 2580 896 2626 fortem
927 2587 1208 2642 castumque
1248 2598 1482 2639 cruorem,
