1788 2980
241 136 301 186 98
737 140 963 189 ΘΗΜ]
1004 141 1215 189 FASTJ.
1584 134 1700 205 [m.

155 272 209 300 εις
235 248 604 310 Rhoeteumque
640 265 805 310 capax,
843 249 1080 310 Sigeaque
1115 248 1262 294 litora
1299 248 1494 305 transit,

306 328 371 374 Et
405 329 649 389 Tenedon,
691 335 880 376 veteres
918 330 1138 376 Eetionis
1174 346 1300 392 opes.

240 408 473 469 Cyclades
509 408 775 471 excipiunt,
813 410 969 455 Lesbo
1005 414 1114 471 post
1148 414 1287 471 terga
1322 410 1505 467 relicta,

304 488 503 549 Quaque
538 489 788 550 Carysteis
823 489 1072 551 frangitur
1107 490 1239 535 unda
1273 489 1423 536 vadis,

240 567 441 613 Transit
477 572 527 613 et
563 568 788 626 Icarium,
829 569 988 631 lapsas
1024 569 1108 615 ubi
1144 568 1359 631 perdidit
1393 569 1495 615 alas

154 673 210 694 πο
300 647 481 705 Icarus,
519 652 569 693 et
605 653 772 694 vastae
807 648 1006 694 nomina
1039 649 1159 695 fecit
1193 665 1358 710 aquae.
1767 671 1788 701 η

238 728 362 773 Tum
398 728 538 774 laeva
575 729 765 787 Creten,
805 729 979 775 dextra
1015 730 1303 792 Pelopeidas
1339 730 1495 775 undas

304 807 517 865 Deserit,
556 811 605 853 et
641 808 852 854 Veneris
889 825 1024 853 sacra
1060 809 1276 869 Cythera
1311 808 1451 870 petit.

238 885 372 931 Hinc
406 903 538 932 mare
573 887 894 945 Trinacrium,
931 889 1143 934 candens
1180 889 1264 935 ubi
1298 888 1489 951 tingere
1516 871 1704 934 'ferrum

305 966 529 1024 Brontes,
567 972 617 1013 et
652 968 893 1030 Steropes,
930 968 1320 1030 Acmonidesque
1355 968 1543 1015 solent:

153 1069 208 1098 225
233 1045 555 1107 Aequoraque
590 1046 719 1093 Afra
755 1047 891 1109 legit,
928 1048 1204 1110 Sardoaque
1240 1064 1390 1110 regna
1425 1047 1640 1094 sinistris

305 1125 551 1188 Prospicit
587 1144 615 1172 a
649 1127 810 1184 remis,
848 1127 1217 1189 Ausoniamque
1252 1132 1404 1174 tenet.

240 1203 380 1249 Ostia
413 1204 703 1267 contigerat,
740 1221 835 1267 qua
871 1222 920 1252 se
956 1205 1217 1252 Tiberinus
1252 1206 1304 1251 in
1340 1205 1495 1251 altum

305 1284 514 1343 Dividit,
553 1290 603 1332 et
637 1301 806 1347 campo
842 1286 1069 1332 liberiore
1106 1291 1279 1332 natat:
1772 1337 1781 1359 x

240 1363 409 1410 Omnis
444 1380 602 1426 eques,
639 1364 890 1427 mixtaque
924 1365 1090 1428 gravis
1124 1382 1233 1412 cum
1269 1365 1408 1427 plebe
1443 1370 1640 1411 senatus

153 1468 210 1498 230
300 1444 488 1491 Obvius
522 1444 582 1490 ad
617 1444 764 1491 Tusci
797 1445 1011 1491 fluminis
1047 1462 1130 1491 ora
1165 1445 1338 1503 venit3

242 1524 524 1570 Procedunt
558 1525 745 1587 pariter
778 1530 975 1583 matres,
1013 1530 1267 1587 nataeque,
1305 1541 1566 1586 nurusque,

306 1604 532 1666 Quaeque
567 1605 737 1652 colunt
772 1610 966 1652 sanctos
1001 1604 1292 1668 virginitate
1326 1605 1470 1652 focos.

1779 1364 1788 1585 i

215 1770 294 1809 The
313 1771 407 1822 slzz‘p
423 1784 528 1812 runs
547 1773 749 1822 αρνοῑιηαῖ,
773 1773 859 1810 and
879 1773 941 1811 all
962 1773 1095 1822 efforts
1114 1785 1185 1812 are
1206 1773 1459 1823 unavadz'ny
1479 1776 1515 1812 to
1535 1785 1640 1812 move
1661 1775 1706 1812 it.
1778 1602 1788 1930 ⁴

233 1908 412 1954 Sedula
447 1909 565 1954 fune
601 1910 695 1955 viri
731 1916 962 1957 contento
1001 1912 1225 1958 bracchia
1265 1910 1486 1971 lassant,

301 1989 405 2035 Vix
441 1989 576 2035 subit
611 1991 841 2037 adversas
879 1991 1072 2053 hospita
1109 1991 1249 2038 navis
1285 2008 1449 2053 aquas.
1778 1932 1788 2124 ἱ

149 2094 203 2124 ²35
229 2069 365 2114 Sicca
399 2069 484 2115 diu
524 2068 687 2116 fuerat
722 2070 872 2117 tellus
889 2087 902 2129 3
949 2071 1060 2117 sitis
1096 2076 1286 2118 usserat
1321 2071 1529 2130 herbas,
1785 2125 1788 2135 1

301 2150 438 2197 Sedit
474 2151 646 2198 limoso
682 2167 847 2214 pressa
882 2151 1048 2197 carina
1081 2153 1222 2198 vado.
1780 2141 1788 2206 ,ἶ

235 2231 465 2294 Quisquis
500 2234 640 2280 adest
675 2233 821 2296 operi,
859 2233 970 2295 plus
1005 2250 1150 2295 quam
1192 2251 1277 2296 pro
1313 2237 1451 2296 parte
1492 2233 1696 2286 laborat,
1781 2238 1788 2315 1

300 2312 525 2359 Adiuvat
562 2318 611 2359 et
647 2313 799 2358 fortes
835 2328 949 2358 voce
986 2318 1191 2359 sonante
1226 2329 1410 2359 manus.
1773 2319 1788 2349 Ι

238 2391 335 2437 Illa
370 2393 508 2438 velut
544 2393 701 2439 medio
737 2392 932 2438 stabilis
969 2393 1106 2439 sedet
1139 2393 1302 2440 insula
1337 2397 1502 2455 ponto,
1782 2416 1788 2493 1

152 2497 209 2525 240
297 2472 524 2518 Attoniti
559 2477 779 2519 monstro
815 2476 1045 2533 stantque
1081 2478 1357 2534 paventque
1392 2471 1502 2519 viri.
