1788 2980
40 165 112 233 ι]
699 164 791 210 ΜΔ
806 164 856 211 1⁷.
1416 162 1508 212 145

45 349 145 398 May
185 347 291 395 meh,
330 346 417 388 ad.
457 347 484 388 1
492 347 539 388 V.
572 346 1083 439 Ιώνλίαῄᾶὲἕῇάὼαίίοπ
1122 346 1169 397 of
1201 346 1264 385 the
1301 346 1442 396 temple
1481 347 1528 395 os

641 426 654 439 Δ
687 413 756 439 ars
905 429 914 439 .

47 517 142 565 Sed
178 515 297 578 quid
334 520 385 562 et
420 514 571 562 Orion
606 519 656 560 et
691 518 881 561 caetera
915 514 1076 560 sidera
1109 514 1292 561 mundo

112 596 293 642 Cedere
327 595 586 653 festinant,
621 610 814 656 noxque
849 598 1068 641 coarctat
1102 594 1234 640 iter?

45 676 173 732 Quid
210 675 356 722 solito
391 675 539 721 citius
575 675 761 736 liquido
797 674 941 720 iubar
974 690 1180 736 aequore
1216 674 1351 720 tollit

114 753 349 811 Candida,
374 754 602 800 Lucifero
625 752 987 815 praeveniente,
1025 753 1161 799 dies't

54 833 228 891 Fallor,
244 849 306 878 an
325 849 460 878 arma
479 835 683 879 sonant?
726 833 841 878 Non
860 832 1094 890 fallimur,
1111 849 1247 878 arma
1264 833 1506 878 sonabant
1516 849 1528 891 ;
1548 859 1603 888 ⁴9,

114 914 252 960 Mars
287 913 441 970 venit,
478 918 529 959 et
563 913 765 959 veniens
800 912 975 960 bellica
1010 913 1151 975 signa
1185 913 1336 959 dedit.

56 994 208 1041 Ultor
242 995 303 1041 ad
339 994 443 1056 ipse
477 1010 588 1041 suos
622 995 755 1042 caelo
790 996 1042 1042 descendit
1077 996 1299 1053 honores,

116 1077 413 1140 Templaque
447 1077 500 1123 in
535 1078 766 1140 Augusto
800 1077 1141 1140 conspicienda
1175 1079 1315 1124 Foro.

56 1156 123 1202 Et
160 1157 278 1203 deus
313 1162 390 1203 est
425 1157 612 1219 ingens,
651 1163 701 1204 et
736 1174 870 1220 opus.
943 1157 1170 1204 Debebat
1204 1157 1256 1203 in
1292 1158 1411 1202 urbe

119 1237 233 1283 Non
268 1237 415 1283 aliter
448 1237 554 1283 nati
590 1237 728 1283 Mars
763 1236 986 1283 habitare
1022 1236 1113 1283 sui.
1555 1259 1611 1288 500

56 1315 219 1377 Digna
255 1315 514 1378 Giganteis
549 1315 666 1362 haee
701 1320 820 1362 sunt
855 1315 1060 1362 delubra
1094 1315 1322 1377 tropaeis,

122 1394 256 1441 Hinc
292 1395 397 1441 fera
433 1395 703 1441 Gradivum
740 1394 871 1440 bella
903 1410 1099 1442 movere
1135 1394 1291 1445 decet,

58 1474 152 1519 Seu
187 1473 296 1535 quis
330 1475 392 1519 ab
428 1474 528 1520 Eoo
565 1490 653 1520 nos
688 1473 868 1535 impius
903 1474 1020 1519 orbe
1055 1473 1275 1531 lacesset,

125 1553 218 1599 Seu
254 1553 363 1615 quis
390 1553 452 1598 ab
487 1553 685 1599 occiduo
721 1553 821 1600 sole
858 1552 1130 1599 domandus
1165 1552 1275 1599 erit.

325 1735 404 1774 The
431 1734 640 1785 sculpture
667 1747 719 1773 on
747 1734 808 1773 the
837 1735 977 1785 temple
1005 1736 1042 1774 is
1069 1736 1276 1776 described.

61 1849 304 1912 Prospicit
344 1849 643 1912 armipotens
683 1850 843 1912 operis
883 1850 1086 1913 fastigia
1122 1852 1313 1909 summi,
1561 1878 1617 1907 505

129 1930 196 1974 Et
238 1928 415 1991 probat
452 1929 665 1975 invictos
704 1945 892 1975 summa
933 1934 1100 1977 tenere
1142 1930 1270 1978 deos.

63 2007 306 2069 Prospicit
347 2007 399 2053 in
436 2007 626 2054 foribus
667 2008 888 2054 diversae
925 2009 1026 2054 tela
1061 2010 1259 2071 figurae,

129 2089 379 2148 Armaque
416 2091 660 2133 terrarum
697 2087 858 2133 milite
897 2087 1031 2134 victa
1067 2104 1170 2135 suo.

66 2166 200 2212 Hinc
240 2166 378 2213 videt
418 2167 624 2212 Aenean
662 2171 920 2212 oneratum
956 2168 1169 2228 pondere
1209 2185 1333 2227 caro,

133 2245 200 2292 Et
237 2250 315 2291 tot
355 2245 523 2292 Iuleae
561 2245 841 2291 nobilitatis
881 2262 1013 2294 avos
1181 2239 1185 2243 ’

70 2325 203 2370 Hinc
239 2325 378 2371 videt
415 2325 608 2371 Iliaden
651 2325 831 2371 umeris
869 2326 1005 2373 ducis
1029 2343 1164 2373 arma
1200 2327 1454 2387 ferentem,

138 2405 375 2466 Claraque
414 2404 666 2466 dispositis
706 2409 817 2450 acta
855 2407 1052 2453 subesse
1092 2407 1228 2453 viris.

71 2483 270 2545 Spectat
308 2488 358 2530 et
397 2484 627 2544 Augusto
664 2488 976 2545 praetextum
1013 2485 1210 2532 nomine
1246 2486 1514 2548 templum;

140 2563 206 2609 Et
242 2562 419 2620 visum,
461 2562 589 2608 lecto
627 2563 844 2621 Caesare,
884 2564 1041 2611 maius
1081 2581 1214 2628 opus.

1567 2274 1623 2304 510

1336 2666 1364 2700 Ι..
