1788 2980
29 165 87 198 111
115 150 127 215 ‘‚-
416 122 419 128 ’
624 150 882 199 ΜΔΒΟΗ.
1435 131 1494 177 69

92 271 199 316 iam
235 272 356 317 bene
391 271 467 316 dis
496 276 639 316 notas
675 271 882 317 sustulit
916 270 1000 316 ille
1037 285 1217 315 manus,

26 351 191 412 Atque
226 351 312 408 ita,
349 352 559 413 Tempus
594 352 736 397 adest
770 350 996 413 promissi
1031 349 1261 405 muneris,
1300 350 1495 412 inquit:

92 431 374 476 Pollicitam
411 430 572 487 dictis,
609 430 851 492 Iuppiter,
888 430 1013 476 adde
1047 431 1205 476 fidem.

26 511 158 558 Dum
193 511 426 573 loquitur,
462 515 625 556 totum
660 510 758 555 iam
793 510 865 555 sol
900 515 1150 555 emoverat
1184 510 1362 567 orbem,

92 591 157 636 Et
192 590 357 652 gravis
391 590 611 635 aetherio
646 589 787 635 venit
821 589 882 634 ab
918 605 1009 634 axe
1043 588 1223 651 fragor.

25 670 118 715 Ter
153 669 320 714 tonuit
355 669 459 714 sine
493 669 622 714 nube
659 669 792 725 deus,
830 667 929 712 tria
963 668 1162 729 fulgura
1197 668 1346 714 misit.

92 748 289 795 Credite
325 748 537 808 dicenti,
586 748 725 805 mira,
762 748 847 793 sed
883 752 1008 805 acta,
1044 748 1228 808 loquor.

25 829 74 874 A
109 827 268 873 media
302 828 492 874 caelum
526 827 725 889 regione
762 827 1008 873 dehiscere
1043 827 1235 888 coepit3

76 906 369 954 summisere
403 907 570 954 oculos
604 923 715 953 cum
751 908 871 953 duce
907 906 1056 952 turba
1091 923 1189 953 suo.
1526 923 1579 957 350

26 987 147 1034 Ecce
183 987 282 1033 levi
317 992 512 1033 scutum
545 992 798 1033 versatum
833 986 1014 1032 leniter
1046 1003 1165 1032 aura

0 1130 1 1135 1
90 1067 304 1114 Decidit.
373 1068 424 1113 A
465 1067 642 1130 populo
677 1067 860 1113 clamor
893 1067 955 1112 ad
995 1071 1130 1112 astra
1163 1078 1315 1114 vemt.

25 1147 178 1194 Tollit
213 1148 360 1193 humo
395 1163 573 1193 munus
608 1164 746 1193 caesa
780 1147 917 1209 prius
951 1146 1036 1192 ille
1070 1146 1291 1204 iuvenca,

92 1226 224 1281 Quae
260 1226 463 1271 dederat
498 1226 626 1271 nulli
660 1226 786 1272 colla
821 1226 1084 1288 premenda
1118 1225 1260 1287 iug03

0 1299 3 1349 ἶ
25 1307 192 1367 Atque
227 1305 381 1352 ancile
405 1310 563 1363 vocat,
589 1306 718 1367 quod
753 1306 815 1351 ab
840 1305 974 1352 omni
996 1310 1135 1368 parte
1169 1305 1377 1351 recisum
1411 1310 1500 1362 est,
1522 1320 1579 1359 3⁶5

92 1384 340 1445 Quemque
374 1389 514 1430 notes
549 1384 716 1443 oculis,
752 1385 963 1446 angulus
997 1384 1155 1431 omnis
1189 1384 1341 1430 abest.
1362 1429 1478 1491 φ

29 1541 166 1592 copies
192 1543 239 1592 of
260 1543 322 1581 the
346 1542 555 1581 “ancile'’
585 1556 654 1582 are
681 1545 877 1636 mcbdeffiby
903 1544 1155 1592 Mamurius,
1189 1544 1273 1582 and
1301 1544 1362 1582 the
1391 1544 1501 1583 Salii

629 1610 736 1647 quar
822 1611 909 1637 xm.

26 1691 166 1749 Tum,
202 1707 386 1738 memor
419 1692 613 1754 imperii
648 1698 829 1739 sortem
863 1692 1130 1739 consistere
1163 1692 1215 1737 in
1250 1691 1352 1751 1110,

93 1770 363 1816 Consilium
398 1771 583 1817 multae
617 1772 908 1817 calliditatis
943 1771 1052 1819 init.

27 1852 180 1898 Plura
213 1850 352 1897 iubet
387 1851 492 1896 fieri
527 1851 678 1897 simili
712 1851 900 1897 caelata
934 1852 1106 1913 figura,

93 1931 244 1977 Error
278 1935 335 1975 ut
369 1936 486 1996 ante
521 1931 686 1976 oculos
712 1930 1005 1977 'insidiantis
1041 1936 1135 1979 eat.
1525 1957 1582 1986 370

27 2010 317 2067 Mamurius,
353 2026 542 2056 morum
576 2010 808 2056 fabraene
844 2010 1062 2056 exactior
1095 2011 1218 2057 artis

88 2096 299 2145 Difficile
333 2099 422 2153 est,
457 2093 598 2149 illud,
638 2093 815 2150 dicere,
856 2091 1038 2137 clausit
1075 2106 1209 2152 opus.

25 2177 119 2226 Oui
150 2177 319 2224 Numa
352 2173 626 2231 munificus,
664 2173 806 2219 Facti
841 2176 952 2234 pete
988 2169 1219 2237 praemia,
1259 2168 1420 2216 dixit:

97 2254 148 2300 Si
183 2270 289 2299 mea
322 2258 441 2299 nota
473 2254 608 2311 fides,
644 2254 788 2299 irrita
821 2253 959 2298 nulla
993 2259 1140 2315 petes.

32 2333 140 2378 Iam
176 2333 377 2379 dederat
412 2332 560 2379 Saliis
594 2350 623 2378 a
660 2333 792 2379 saltu
828 2334 1026 2379 nomina
1062 2335 1195 2380 dicta
1527 2362 1581 2391 375

97 2414 362 2474 Armaque,
399 2417 451 2458 et
486 2413 547 2458 ad
583 2417 742 2459 certos
777 2414 928 2459 verba
961 2415 1180 2459 canenda
1213 2417 1393 2464 modos,

32 2492 157 2537 Tum
192 2492 261 2537 sic
294 2491 584 2549 Mamurius,
621 2492 810 2538 Merces
844 2492 966 2537 mihi
1000 2493 1156 2554 gloria
1190 2495 1349 2554 detur,

99 2571 408 2632 Nominaque
443 2574 662 2616 extremo
696 2570 910 2616 carmine
945 2576 1114 2618 nostra
1149 2579 1338 2621 sonent.

673 2720 771 2762 *sss
