1788 2980
91 176 192 249 m]
692 184 948 232 MARCJI.
1494 183 1547 228 61

89 346 234 386 Numa
256 345 459 397 perceived
487 346 548 384 the
576 359 699 394 error,
734 345 801 384 but
839 346 872 383 ic
900 357 984 384 was
1010 345 1158 384 Julius
1189 345 1337 385 Caesar
1365 346 1452 384 who
1471 345 1566 394 first

486 400 617 449 really
644 399 833 438 corrected
860 398 922 437 tlae
953 399 1168 438 Calendar.

88 507 298 565 Primus,
325 507 566 554 oliviferis
606 507 813 553 Romam
851 507 1089 553 deductus
1127 508 1188 553 ab
1229 508 1378 561 arviS‚

67 590 70 592 ’
156 586 431 650 Pompilius
472 602 660 632 menses
697 585 852 632 sensit
887 586 1054 632 abesse
1093 587 1228 645 duos,

89 667 203 712 Sive
245 666 334 712 hoc
371 682 400 710 a
438 665 598 712 Samio
641 665 828 723 doctus,
866 664 950 727 qui
987 681 1125 727 posse
1162 666 1349 712 renasci
1592 692 1642 720 ¹45

156 746 260 791 Nos
300 749 459 808 putat,
500 744 678 806 Egeria
713 744 817 792 sive
857 751 1087 792 monente
1128 763 1226 794 sua.

91 825 185 872 Sed
227 829 393 870 tamen
430 825 662 871 errabant
702 826 853 871 etiam
882 841 1009 872 nunc
1046 830 1280 889 tempora,
1325 828 1475 873 donec

159 904 376 951 Caesaris
412 904 465 950 in
501 903 673 950 multis
713 904 830 951 haec
869 921 1058 967 quoque
1095 922 1210 952 cura
1246 907 1360 954 fuit.

93 984 207 1030 Non
244 984 362 1029 haec
400 983 499 1037 ille,
525 982 658 1040 deus,
701 987 968 1045 tantaeque
1008 985 1290 1047 propaginis
1328 989 1512 1042 auctor,

160 1060 381 1107 Credidit
420 1059 586 1106 officiis
626 1074 728 1105 esse
765 1059 954 1106 minora
991 1061 1092 1107 suis
1107 1078 1121 1120 3
1590 1087 1644 1115 150

93 1140 488 1201 Promissumque
524 1138 620 1185 sibi
658 1139 817 1185 voluit
854 1155 1166 1201 praenoscere
1207 1141 1408 1199 caelum,

159 1220 262 1265 Nec
298 1219 416 1265 deus
452 1218 648 1279 ignotas
682 1217 855 1280 hospes
890 1218 1015 1265 inire
1050 1221 1229 1267 domos,

96 1299 189 1344 Ille
225 1314 383 1345 moras
417 1296 548 1354 solis,
583 1296 761 1357 quibus
797 1296 849 1343 in
885 1313 972 1343 sua
1007 1298 1148 1360 signa
1183 1298 1380 1355 rediret,

161 1377 396 1424 Traditur
429 1376 616 1423 exactis
651 1376 945 1439 disposuisse
980 1379 1126 1425 notis.

96 1457 148 1504 Is
184 1457 342 1503 decies
379 1471 518 1502 senos
552 1460 828 1502 tercentum
863 1461 913 1502 et
948 1457 1161 1520 quinque
1197 1458 1368 1505 diebus
1591 1485 1645 1514 ¹55

162 1536 350 1594 Iunxit,
387 1540 438 1582 et
473 1551 499 1582 e
534 1535 678 1597 pleno
713 1539 933 1597 tempora
968 1542 1144 1598 quarta
1181 1537 1273 1586 die.

98 1616 196 1662 Hic
231 1615 347 1662 anni
383 1615 553 1661 modus
588 1619 677 1662 est.
749 1615 811 1660 In
847 1616 1058 1662 lustrum
1092 1618 1316 1664 accedere
1351 1618 1510 1676 debet,

162 1697 294 1751 Quae
329 1698 694 1741 consummatur
729 1694 968 1756 partibus,
1006 1712 1102 1742 una
1139 1696 1252 1744 dies,

105 1873 248 1913 March
277 1875 348 1921 lst,
380 1873 479 1913 Kal.
513 1873 966 1913 Mart.—]1Iatr0nazia.
1025 1874 1141 1912 Mars
1168 1874 1256 1913 tells
1284 1874 1345 1913 the
1366 1879 1454 1924 poet
1482 1875 1571 1925 why

153 1926 214 1965 che
231 1927 400 1976 festival
428 1927 474 1976 of
496 1926 557 1965 the
585 1927 770 1965 married
797 1939 948 1965 women
975 1928 1012 1965 is
1039 1927 1132 1966 held
1159 1939 1210 1966 on
1238 1928 1302 1966 his
1331 1928 1512 1967 Calamis.

100 2036 152 2082 Si
187 2035 303 2082 licet
338 2035 555 2082 occultos
590 2035 806 2081 monitus
841 2035 1011 2081 audire
1047 2035 1245 2082 deorum

166 2114 395 2172 Vatibus,
433 2120 490 2160 ut
524 2122 654 2160 certe
689 2114 822 2160 fama
857 2114 1002 2160 licere
1037 2118 1195 2176 putat,
1596 2132 1650 2163 1⁶0

102 2196 222 2240 Cum
257 2195 323 2241 sis
357 2193 536 2252 officiis,
575 2194 802 2253 Gradive,
840 2193 1069 2240 virilibus
1103 2184 1261 2256 aptus,

167 2273 260 2318 Dic
294 2272 431 2329 mihi,
468 2258 720 2318 matronae
756 2288 842 2318 cur
876 2276 963 2317 tua
998 2271 1125 2318 festa
1161 2273 1339 2319 colant.

102 2352 180 2398 Sic
214 2367 316 2413 ego.
387 2351 466 2397 Sic
502 2350 662 2412 posita
698 2351 826 2397 dixit
861 2351 983 2396 mihi
1018 2351 1206 2397 casside
1241 2352 1473 2412 Mavors;

167 2427 261 2473 Sed
298 2432 460 2472 tamen
496 2427 548 2472 in
584 2427 757 2472 dextra
792 2426 992 2472 missilis
1028 2427 1171 2473 hasta
1204 2426 1330 2473 fuit:

103 2506 247 2552 Nunc
282 2506 492 2568 primum
528 2505 706 2551 studiis
742 2506 887 2568 pacis,
908 2506 1025 2552 deus
1060 2505 1199 2552 utilis
1232 2506 1396 2565 armis,
1594 2525 1648 2562 165

173 2587 410 2644 Advocor‚
448 2591 497 2632 et
531 2602 726 2647 gressus
761 2585 813 2631 in
849 2602 976 2631 nova
1010 2590 1169 2632 castra
1204 2585 1319 2633 fero.
