1788 2980
30 192 132 254 111.]
631 189 885 238 MAROH.
1435 190 1492 233 57

103 352 181 391 Tha
210 351 396 401 she-wolf
417 350 501 388 ami
529 350 592 389 the
619 350 890 400 woodpecker:
929 350 1156 388 Faustulus
1184 349 1268 387 and
1297 351 1414 386 Acca.

38 454 185 498 Lacte
225 451 334 513 quis
378 451 596 497 infantes
636 451 792 497 nescit
831 452 1041 499 crevisse
1082 452 1255 509 ferino,
1551 474 1586 501 45

98 531 163 576 Et
203 530 363 592 picum
404 529 640 591 expositis
683 545 823 592 saepe
863 530 1037 576 tulisse
1078 531 1244 576 cibos'l

33 611 148 656 Non
189 626 277 671 ego
318 614 384 667 te,
423 613 593 655 tantae
634 609 807 655 nutrix
845 610 1081 656 Larentia
1119 609 1298 672 gentis,

98 689 202 735 Nec
238 692 426 734 taceam
467 692 673 747 vestras,
716 689 953 736 Faustule
993 705 1192 752 pauper,
1232 704 1358 750 opes.

35 769 214 814 Vester
253 767 407 813 honos
446 766 628 825 veniet,
670 783 781 814 cum
819 768 1105 814 Larentalia
1146 768 1335 813 dicam:

99 848 344 908 Acceptus
385 845 556 892 Geniis
596 846 685 892 illa
720 846 990 893 December
1030 847 1194 894 habet.
1553 871 1590 898 50

41 1007 118 1046 The
145 1007 264 1046 twins
291 1010 415 1046 asser&
453 1006 559 1046 their
585 1008 703 1057 royal
732 1007 852 1056 birth,
883 1009 974 1058 εἶαρ]
1003 1008 1205 1047 Amulius
1244 1008 1329 1046 and
1369 1010 1510 1046 restore

477 1060 674 1100 Numitor
703 1065 739 1100 to
767 1062 832 1100 his
859 1062 1065 1112 lcinqdom.

37 1162 221 1208 Martia
258 1166 336 1207 ter
376 1176 520 1207 senos
563 1161 724 1223 proles
764 1163 1047 1209 adoleverat
1085 1179 1253 1220 annos,

104 1246 168 1290 Et
206 1244 406 1290 suberat
444 1243 595 1289 flavae
634 1243 732 1289 iam
774 1260 902 1290 nova
943 1245 1097 1290 barba
1137 1259 1327 1290 comae:

37 1324 276 1370 Omnibus
317 1323 546 1385 agricolis
586 1329 1016 1386 armentorumque
1058 1324 1311 1387 magistris

104 1403 292 1448 Iliadae
334 1402 516 1448 fratres
558 1402 666 1448 iura
705 1403 864 1465 petita
905 1405 1106 1450 dabant.

38 1484 188 1545 Saepe
231 1483 426 1528 domum
463 1482 673 1529 veniunt
712 1483 1011 1545 praedonum
1050 1483 1289 1546 sanguine
1332 1482 1465 1539 laeti,
1558 1507 1591 1535 55

0 1595 1 1623 ¹
106 1564 171 1608 Et
207 1561 440 1623 redigunt
476 1567 611 1608 actos
649 1562 702 1608 in
745 1579 832 1609 sua
872 1579 989 1609 rura
1030 1564 1194 1610 boves.

48 1643 114 1688 Ut
154 1657 308 1703 genus
347 1641 625 1699 audierunt,
669 1643 858 1688 animos
897 1647 1037 1705 pater
1074 1642 1242 1689 editus
1283 1646 1447 1704 auget,

108 1718 173 1765 Et
211 1720 364 1781 pudet
403 1719 456 1766 in
494 1721 660 1782 paucis
696 1737 874 1768 nomen
915 1722 1093 1768 habere
1134 1721 1286 1768 casis:

42 1799 372 1860 Romuleoque
408 1799 540 1846 cadit
580 1800 819 1847 traiectus
855 1800 1089 1847 Amulius
1128 1815 1256 1858 ense,

108 1880 374 1940 Regnaque
412 1879 648 1941 longaevo
685 1879 1023 1927 restituuntur
1059 1896 1164 1927 avo.
1559 1899 1596 1926 ὁρ

45 1959 242 2004 Moenia
277 1959 573 2016 conduntur,
610 1974 749 2020 quae,
791 1960 1015 2021 quamvis
1056 1977 1208 2022 parva
1248 1959 1465 2018 fuerunt,

109 2039 224 2085 Non
262 2043 426 2084 tamen
467 2038 685 2101 expediit
724 2039 1035 2086 transiluisse
1082 2040 1251 2087 Remo.

22 2200 246 2240 ‘Romulus
282 2200 417 2238 makes
458 2199 520 2238 the
560 2199 698 2239 mouth
739 2200 787 2250 os
821 2200 938 2239 Mars
978 2201 1040 2239 the
1071 2201 1169 2251 first
1198 2203 1343 2241 mouth,
1380 2204 1426 2253 os
1461 2203 1522 2242 the

222 2254 381 2292 Roman
408 2265 516 2302 year.
577 2253 654 2292 All
681 2256 797 2292 states
823 2253 922 2292 have
950 2266 977 2292 a
995 2255 1205 2305 favourite
1233 2257 1319 2305 qod.

48 2357 170 2412 Iam,
206 2356 347 2402 modo
382 2372 478 2418 qua
514 2355 714 2402 fuerant
753 2356 908 2402 silvae
945 2372 1265 2419 pecorumque
1303 2375 1533 2415 recessus,

114 2434 248 2479 Urbs
288 2437 408 2489 erat,
450 2438 678 2479 aeternae
720 2449 830 2479 cum
867 2439 1009 2495 pater
1047 2435 1184 2481 urbis
1223 2437 1323 2482 ait:

52 2512 258 2558 Arbiter
298 2528 558 2569 armorum,
602 2513 661 2558 de
699 2512 837 2558 cuius
878 2513 1115 2574 sanguine
1151 2520 1298 2561 natus
1566 2523 1602 2557 65

117 2591 312 2648 Gredor,
354 2596 405 2638 et
442 2596 499 2637 ut
536 2592 719 2649 credar,
758 2591 963 2653 pignora
999 2593 1156 2639 multa
1196 2596 1336 2651 dabo,
