1788 2980
235 127 292 172 10
721 126 758 173 Ο
769 126 918 174 VIDI
915 128 946 172 I
995 126 1201 173 FASTJ.
1583 127 1695 191 [ΜΒ.

194 272 198 281 ,
229 233 333 281 Nos
348 250 538 296 quoque
553 235 737 297 templa
755 234 946 293 iuvant,
963 235 1186 297 quamvis
1203 235 1407 298 antiqua
1426 237 1696 298 probemus,

293 315 490 374 Aurea3
542 315 772 361 maiestas
806 315 1039 361 convenit
1073 315 1172 362 ista
1207 316 1309 363 deo.

143 419 197 449 225
224 395 503 441 Laudamus
537 399 729 441 veteres
763 396 847 441 sed
884 395 1069 441 nostris
1104 396 1291 442 utimur
1324 397 1501 456 annis;

294 476 405 522 Mos
439 481 607 523 tamen
643 481 718 523 est
752 493 902 539 aeque
938 477 1116 539 dignus
1152 483 1357 540 uterque
1391 480 1498 527 coli.

284 642 388 692 thy
409 643 469 682 the
505 641 595 681 ‘as'
626 643 661 681 is
688 643 947 735 stampedyn
975 655 1045 681 one
1073 642 1156 681 side
1185 643 1282 681 with
1312 643 1373 682 the
1402 644 1645 684 two-haam

904 708 1021 735 anus.

226 804 447 850 Finierat
483 805 732 865 monitus3
772 805 978 867 placidis
1013 805 1084 850 ita
1119 821 1304 863 rursus,
1341 810 1398 851 ut
1432 811 1561 865 ante,

293 884 606 947 Clavigerum
641 885 805 931 verbis
841 885 1063 946 alloquor
1097 885 1199 947 ipse
1235 886 1413 934 deum:

228 964 395 1010 Multa
429 965 626 1027 quidem
664 965 848 1013 didici:
902 965 985 1011 sed
1021 980 1108 1010 cur
1142 965 1334 1011 navalis
1369 965 1420 1011 in
1456 982 1565 1012 aere

139 1069 197 1100 230
285 1044 464 1092 Altera
499 1046 695 1108 signata
731 1050 818 1104 est,
857 1045 1015 1092 altera
1050 1045 1208 1092 forma
1237 1045 1399 1108 biceps

226 1125 439 1173 Noscere
473 1142 549 1173 me
586 1118 770 1189 duplici
805 1141 970 1189 posses
1005 1130 1063 1172 ut
1097 1126 1325 1188 imagine,
1362 1126 1502 1184 dixit,

290 1205 358 1252 Ni
393 1210 538 1253 vetus
573 1207 679 1268 ipsa
716 1207 819 1252 dies
855 1209 1170 1252 extenuasset)
1205 1221 1339 1268 opus.

229 1332 334 1405 my
362 1356 422 1395 the
451 1369 600 1396 reverse
626 1356 711 1394 side
748 1356 796 1405 of
817 1356 879 1394 the
907 1359 915 1375 ‘
931 1353 997 1394 as’
1029 1354 1140 1393 bears
1168 1354 1230 1393 the
1257 1354 1409 1404 symbol
1451 1366 1492 1406 cy·
1527 1368 1553 1394 a
1585 1357 1686 1406 simp.

470 1410 630 1450 Satura
658 1413 704 1448 in
735 1409 915 1458 Latium,
955 1409 1039 1447 and
1066 1409 1128 1447 the,
1160 1408 1311 1447 Golden
1339 1409 1436 1459 Aqe.

223 1511 382 1558 Causa
416 1513 540 1558 ratis
573 1515 822 1574 superest:
863 1511 1074 1557 Tuscum
1105 1514 1212 1557 rate
1245 1511 1384 1557 venit
1419 1511 1469 1557 in
1503 1517 1689 1558 amnem

287 1592 424 1638 Ante
459 1595 709 1654 pererrato
744 1590 939 1637 falcifer
973 1591 1088 1637 orbe
1125 1591 1257 1638 deus.

135 1698 192 1727 235
218 1672 329 1718 Hac
363 1687 451 1734 ego
488 1672 759 1719 Saturnum
793 1671 994 1718 memini
1029 1671 1208 1717 tellure
1243 1675 1491 1733 receptum
1506 1689 1520 1731 3

288 1752 561 1800 Caelitibus
595 1752 760 1814 regnis
794 1752 856 1797 ab
890 1751 1009 1798 Iove
1045 1751 1215 1814 pulsus
1249 1756 1371 1797 erat.

222 1832 346 1877 Inde
382 1831 466 1877 diu
501 1832 640 1893 genti
676 1831 859 1877 mansit
894 1831 1128 1877 Saturnia
1162 1846 1340 1877 nomen
1358 1849 1371 1890 3

287 1911 436 1957 Dicta
470 1927 660 1973 quoque
696 1915 771 1957 est
807 1911 1006 1957 Latium
1041 1915 1176 1957 terra
1212 1912 1401 1959 latente
1438 1913 1540 1959 deo.

220 1993 293 2037 At
328 1992 454 2037 bona
490 1990 754 2053 posteritas
790 1991 990 2053 puppim
1025 1990 1260 2038 formavit
1294 1992 1346 2037 in
1382 2008 1504 2050 aere,

134 2097 188 2127 ηε
282 2071 511 2134 Hospitis
545 2071 815 2117 adventum
851 2071 1117 2116 testificata
1153 2071 1245 2119 dei.

222 2152 335 2213 Ipse
371 2152 528 2198 solum
562 2151 702 2209 colui,
741 2151 879 2197 cuius
914 2150 1246 2213 placidissima
1281 2151 1474 2198 laevum

287 2231 441 2277 Radit
477 2232 668 2277 arenosi
703 2231 921 2277 Tibridis
956 2231 1088 2276 unda
1124 2231 1267 2277 latus.

222 2311 335 2368 Hic,
372 2311 458 2356 ubi
493 2327 622 2356 nunc
659 2311 815 2356 Roma
850 2315 939 2370 est,
981 2310 1216 2356 incaedua
1253 2311 1378 2357 silva
1413 2312 1618 2371 virebat,

989 2363 1176 2381 “dna“

1546 2210 1564 2220 ,-

285 2391 540 2453 Tantaque
577 2407 654 2437 res
691 2390 858 2452 paucis
893 2406 1071 2452 pascua
1107 2392 1267 2437 bubus
1301 2397 1421 2439 erat.

136 2496 190 2526 ²45
217 2472 326 2517 Arx
361 2486 467 2516 mea
502 2471 641 2517 collis
678 2475 798 2529 erat,
835 2486 979 2532 quem
1014 2471 1198 2517 cultrix
1233 2471 1429 2518 nomine
1463 2477 1633 2520 nostro

287 2551 708 2612 Nuncupathaec
743 2554 895 2608 aetas,
931 2550 1304 2612 Ianiculumque
1339 2556 1495 2599 vocat.
