1788 2980
35 237 120 303 m]
651 236 875 288 ΑΜΕ.
1401 235 1481 280 101

171 408 206 445 3.
240 405 335 455 Why
363 407 425 444 Che
454 407 671 455 Mcqalcsia
699 406 839 443 stands
871 405 954 443 first
981 405 1028 442 in
1055 404 1118 442 2!oe
1149 400 1356 443 &nimiam

33 521 330 579 Institeram,
367 537 516 583 quare
552 521 697 584 primi
733 520 1002 583 Megalesia
1035 519 1141 566 ludi

96 601 231 648 Urbe
265 601 429 647 forent
464 607 646 659 nostra,
684 617 792 646 cum
829 601 930 657 dea,
972 600 1147 663 (sensit
1181 596 1348 660 enim‚)

30 681 124 725 Illa
160 680 286 737 deos,
324 680 502 742 inquit,
539 680 756 743 peperit:
806 695 990 725 cessere
1024 677 1230 741 parenti,

95 759 492 821 Principiumque
527 759 629 806 dati
669 760 833 805 Mater
869 758 1067 804 honoris
1101 758 1261 804 habet.

152 930 187 966 4.
224 928 329 976 Why
356 927 420 966 the
451 927 578 975 Galli,
607 928 752 976 priests
780 927 827 976 os
852 925 1002 975 Cybele,
1036 937 1133 963 were
1159 936 1200 964 so
1228 924 1368 964 called.

29 1039 128 1085 Cur
161 1037 315 1099 igitur
350 1037 480 1083 Galli
516 1037 726 1098 Cybelae
762 1053 897 1083 sacra
931 1036 1079 1082 turba
1113 1041 1367 1091 vocantur,
1525 1057 1583 1089 29·-

95 1118 215 1164 Cum
252 1122 450 1163 tantum
485 1133 514 1161 a
549 1117 769 1178 Phrygia
805 1115 992 1162 Gallica
1027 1115 1180 1162 distet
1215 1114 1427 1160 humus?

30 1198 182 1254 Inter,
219 1196 305 1254 ait,
343 1196 550 1243 viridem
588 1197 803 1258 Cybelen
839 1197 1062 1258 altasque
1098 1195 1346 1251 Celaenas,

94 1275 270 1322 Amnis
307 1275 346 1321 it
380 1275 566 1332 insana,
605 1276 797 1321 nomine
834 1275 1023 1332 Gallus,
1057 1291 1196 1336 aqua.

28 1357 121 1412 Qui
157 1355 284 1402 bibit
319 1355 448 1413 inde,
484 1355 622 1402 furit.
695 1356 871 1401 Procul
910 1355 1022 1401 hinc
1058 1354 1306 1410 discedite,
1337 1352 1473 1414 queis
1508 1363 1582 1397 est

95 1436 223 1482 Cura
259 1435 413 1482 bonae
450 1434 643 1480 mentis.
716 1434 809 1490 Qui
848 1435 973 1480 bibit
1009 1434 1139 1490 inde,
1176 1433 1313 1478 furit.
1526 1457 1583 1486 300

253 1585 288 1623 5.
336 1582 442 1634 Why
461 1596 488 1623 α
505 1583 664 1633 lzomelgs
682 1583 804 1622 3(ιῖαεί
825 1583 861 1621 is
881 1582 1028 1632 offered
1048 1585 1084 1620 co
1108 1581 1257 1632 Cybele.

31 1701 144 1746 Non
179 1701 331 1762 pudet
365 1700 641 1757 herbosum,
679 1700 795 1757 dixi,
836 1701 1052 1762 posuisse
1087 1706 1325 1746 moretum

94 1780 156 1825 In
193 1780 417 1826 dominae
452 1780 664 1826 mensis?
711 1797 774 1826 an
810 1797 900 1826 sua
932 1797 1078 1827 causa
1113 1780 1311 1826 subest?

31 1860 178 1905 Lacte
213 1875 345 1905 mero
380 1864 572 1906 veteres
608 1860 683 1905 usi
719 1864 1052 1906 memorantur
1085 1865 1136 1906 et
1173 1859 1351 1915 herbis,

95 1939 278 2000 Sponte
313 1956 402 1986 sua
437 1939 477 1984 si
513 1956 634 2001 quas
669 1944 803 1986 terra
837 1940 1041 2000 ferebat,
1082 1940 1168 1986 ait.

30 2019 280 2065 Candidus
315 2020 463 2066 elisae
499 2019 732 2066 miscetur
764 2037 931 2067 caseus
967 2020 1158 2075 herbae,
1525 2042 1582 2075 ³05

97 2099 367 2160 Cognoscat
402 2099 584 2161 priscos
620 2105 676 2145 ut
712 2099 802 2146 dea
836 2100 991 2161 prisca
1027 2100 1171 2146 cibos.

34 2258 158 2308 April
187 2259 266 2306 5th,
300 2259 404 2298 Non.
442 2260 845 2309 Apr.-D0<licacimz
883 2261 930 2309 of
961 2260 1023 2298 the
1062 2238 1201 2309 temple
1241 2261 1287 2308 of
1323 2260 1501 2298 Fortuna

681 2313 856 2352 Publica.

33 2420 236 2467 Postera
270 2437 380 2467 cum
414 2421 546 2468 caelo
580 2421 727 2468 motis
762 2421 1037 2467 Pallantias
1072 2420 1220 2467 astris

99 2499 328 2556 Fulserit,
363 2505 414 2546 et
448 2500 617 2546 niveos
654 2501 793 2546 Luna
829 2500 1007 2546 levarit
1040 2515 1203 2560 equos,

31 2578 124 2633 Qui
159 2578 302 2636 dicet,
339 2579 593 2634 Quondam
628 2586 820 2625 sacrata
854 2584 928 2625 est
966 2578 1092 2624 valle
1126 2579 1318 2634 Quirini

100 2658 205 2703 Hac
242 2659 461 2704 Fortuna
495 2659 573 2704 die
609 2658 833 2745 Publica!
863 2674 1005 2703 verus
1039 2658 1149 2703 erit.
1541 2664 1601 2697 ὕ*
