1788 2980
177 201 276 252 330
697 201 1161 251 APPENDIC'ES.

230 313 354 355 With
374 312 496 355 other
514 316 631 367 parts
652 313 697 353 of
722 313 795 354 the
815 312 1034 366 passive—-

257 394 317 434 II.
369 395 419 434 60
583 394 762 433 delubris
781 393 963 433 sentitur
983 392 1101 433 nulla
1121 396 1323 435 senectus.

236 472 318 513 III.
347 474 425 512 100
448 474 560 523 [108]
584 473 800 524 Cynosura
820 475 990 526 petatur
1009 473 1211 513 Sidoniis.

237 551 318 592 ΙΙΙ.
347 554 424 591 313
448 552 560 603 [325]
583 553 696 591 nobis
716 565 907 592 concessa
928 555 1131 592 canentur
1151 553 1202 603 (2)

266 631 317 672 V.
346 633 421 672 101
589 631 732 672 coleris
755 631 966 681 cinctutis,
994 632 1149 680 Faune,
1173 632 1370 684 Lupercis
1389 632 1485 681 (but
1500 631 1534 672 it
1549 645 1680 673 seems

661 687 797 725 better
817 689 862 725 to
875 686 972 725 take
997 687 1194 737 Lupercis
1214 700 1257 726 35
1277 686 1357 727 abl.
1384 686 1470 726 like
1490 686 1677 740 Κορινθίῳ

659 741 782 792 ἀνδρὶ,
808 740 937 780 Thuo.
966 740 1015 789 1.,
1049 741 1131 790 25).

264 816 313 856 V.
342 818 418 856 110
583 815 784 868 nullaque
805 815 1002 855 laudetur
1021 816 1171 868 plusve
1192 816 1384 856 minusve
1406 818 1524 857 milzz'.

264 891 314 932 V.
341 894 417 933 303
581 905 657 932 neo
678 891 863 945 liquidae
884 893 1036 932 vinctis
1055 891 1152 932 flore
1173 892 1378 932 bibuntur
1397 905 1538 946 aquae.

225 1115 312 1156 The
333 1115 526 1155 reflexive
548 1128 738 1168 pronoun
761 1116 886 1155 refers
907 1116 1144 1155 sometimes
1165 1118 1208 1155 to
1239 1129 1261 1155 a
1289 1129 1379 1155 ease
1416 1115 1534 1155 other
1568 1115 1673 1155 than
1739 1133 1741 1135 >

170 1170 267 1211 that
288 1171 333 1210 of
358 1171 431 1210 the
452 1170 742 1222 grammatieal
764 1170 939 1222 subject.
1002 1171 1076 1209 See
1098 1170 1210 1209 Note
1231 1184 1285 1209 on
1308 1171 1341 1210 Ι.
1370 1173 1459 1211 310.

279 1248 313 1288 Ι.
367 1249 416 1286 49
437 1260 520 1286 neu
539 1253 618 1286 toto
636 1250 819 1300 perstare
840 1248 905 1286 die
924 1259 998 1285 5113
1018 1246 1107 1285 iura
1127 1247 1302 1298 putaris.

281 1327 313 1367 Ι.
343 1328 418 1367 310
440 1339 723 1379 ponemusque
745 1339 840 1366 suos
861 1328 919 1365 ad
933 1340 1038 1377 vaga
1058 1327 1179 1377 segma
1200 1325 1299 1366 dies,

280 1406 312 1446 I.
342 1409 420 1446 400
440 1407 722 1458 iuveruntque
742 1407 829 1446 deos
849 1405 1002 1445 indicis
1020 1408 1117 1445 exta
1136 1405 1213 1445 sui.

255 1485 311 1526 II.
341 1486 417 1525 418
440 1485 543 1524 adde
562 1498 702 1537 preoes
723 1484 870 1537 positis
891 1487 932 1524 et
952 1497 1026 1524 sua
1046 1484 1171 1524 verba
1179 1485 1302 1536 focis.

230 1564 312 1605 ΙΙΙ.
341 1567 418 1604 192
444 1565 750 1604 C0725us...eum
771 1577 844 1604 5113
864 1577 977 1604 saera
998 1577 1118 1604 canes

229 1647 312 1687 III.
341 1646 416 1689 749
438 1646 525 1686 itur
545 1646 597 1686 ad
617 1647 774 1698 Argeos
794 1661 801 1686 :
833 1647 908 1699 qui
925 1648 1023 1696 sint,
1049 1659 1123 1686 sua
1143 1646 1295 1698 pagina
1316 1646 1437 1686 dicet.

231 1726 306 1766 1V.
333 1729 409 1767 302
432 1740 484 1766 an
505 1739 579 1766 sua
599 1739 721 1767 eausa
741 1727 912 1767 subest?
935 1725 1107 1778 [supply
1122 1732 1269 1765 moreto
1283 1725 1387 1764 from
1401 1724 1483 1765 last
1497 1725 1663 1776 elauseJ.

235 1803 309 1846 IV.
337 1805 413 1842 393
435 1806 484 1842 ut
505 1804 638 1842 vitulo
658 1802 796 1855 mugit
816 1816 889 1842 sua
909 1807 1042 1841 mater
1063 1802 1115 1841 ab
1136 1802 1258 1841 ubere
1280 1805 1412 1855 rapto.

232 1880 304 1920 IV.
333 1881 410 1920 592
437 1879 656 1919 ...adorato
676 1892 749 1932 per
769 1892 843 1919 sua
863 1879 987 1919 verba
1007 1880 1086 1919 deo,

231 1959 304 1999 IV.
333 1959 409 2002 673
432 1959 538 1998 adde
560 1959 689 2010 dapes
709 1957 1017 2010 mulctramque
1039 1971 1132 1997 suas
1157 1957 1327 2010 [supply
1342 1959 1423 1997 dat.
1451 1958 1494 1996 of
1514 1957 1670 2008 Pales]

254 2039 307 2078 V.
358 2041 408 2078 42
430 2038 559 2078 vertit
579 2037 624 2077 in
644 2041 832 2078 auctores
845 2038 1028 2089 pondera
1050 2040 1169 2076 vasta
1191 2049 1297 2077 suos.

253 2119 304 2158 V.
331 2118 420 2160 377.
448 2118 581 2158 cineri
599 2130 671 2156 sua
692 2117 801 2157 dona
820 2116 1020 2157 ferebant.

230 2198 303 2238 VI.
332 2198 408 2239 276
430 2200 531 2236 sunt
551 2209 626 2236 sua
646 2209 761 2236 saera
781 2197 883 2236 deae.

228 2277 304 2317 VI.
332 2278 408 2317 345
429 2290 560 2328 aquas
579 2289 655 2316 sua
675 2275 766 2327 ripa
787 2278 956 2315 coercet.

225 2357 301 2397 VI.
330 2356 406 2398 479
428 2369 503 2396 sua
523 2356 669 2407 lingua
690 2357 939 2395 Palaemona
960 2354 1080 2394 dicet.

225 2436 300 2477 VI.
329 2436 405 2478 517
426 2436 514 2488 ipse
536 2436 612 2475 sub
634 2434 847 2486 Esquihis,
874 2434 947 2473 ubi
965 2437 1052 2473 erat
1064 2446 1138 2472 sua
1151 2432 1274 2485 regia,
1293 2445 1444 2473 caesus.
1492 2432 1662 2485 [supply

644 2490 727 2540 ipsi
745 2489 789 2528 in
811 2488 882 2528 the
902 2489 972 2527 ubi
1001 2488 1169 2536 clause]

224 2568 296 2608 VI.
328 2566 404 2608 710
426 2568 473 2606 in
494 2580 575 2618 qua
597 2579 670 2618 par
691 2566 814 2605 facies
835 2564 1057 2605 nobilitate
1084 2577 1170 2604 sua.

223 2643 296 2683 VI:
326 2642 399 2686 711
425 2655 498 2694 par
517 2641 655 2682 animo
678 2654 842 2695 quoque
862 2640 995 2682 forma
1018 2653 1091 2681 suo
1112 2640 1334 2694 respondet
1354 2641 1400 2681 in
1422 2641 1510 2683 illa.
