1788 2980
236 193 296 236 48
325 217 327 220 <
735 186 960 235 OVJDJJ
1002 186 1214 233 FASTI.
1589 185 1714 250 [mus

224 331 434 379 February
449 329 554 377 24th,
571 328 654 368 a.c2.
683 328 722 367 V
718 328 753 366 I.
768 327 865 366 Kal.
884 327 1061 365 Ma7·c.—
1069 326 1151 364 The
1166 325 1416 364 banislmwnt
1432 326 1478 375 of
1485 326 1546 364 che
1560 325 1607 363 K
1604 328 1703 374 mys.
1781 333 1784 342 ¹

229 426 377 473 Nunc
411 425 535 472 mihi
570 423 775 470 dicenda
812 427 887 468 est
922 421 1074 484 Regis
1098 421 1232 484 fuga.
1301 421 1476 467 Traxit
1500 421 1561 466 ab
1587 420 1674 465 illa

297 507 478 553 Sextus
515 506 578 551 ab
617 509 836 550 extremo
875 503 1075 549 nomina
1115 517 1280 548 mense
1321 501 1437 548 dies.

228 586 426 634 Ultima
461 584 759 646 Tarquinius
797 583 1049 628 Romanae
1087 581 1252 643 gentis
1293 581 1507 627 habebat

140 693 199 722 530
288 668 477 729 Regna,
518 665 598 712 vir
633 664 864 721 iniustus,
903 661 1051 709 fortis
1091 662 1154 708 ad
1196 677 1332 706 arma
1368 666 1547 706 tamen.

224 805 304 844 The
332 808 549 854 strata96m
578 803 624 853 of
660 805 829 843 Sextus:
870 803 932 840 the
974 801 1092 894 Zilges'
1123 802 1247 841 hemis
1285 803 1421 841 sto-uel„-
1460 803 1538 851 off:
1585 800 1709 840 Gabii

857 860 1022 906 capture
1053 886 1062 896 .

226 949 433 1011 Ceperat
470 946 550 992 hic
586 946 726 1002 alias,
765 944 889 990 alias
924 948 1174 991 everterat
1211 945 1373 1002 urbeS‚

292 1027 360 1071 Et
401 1023 586 1071 Gabios
623 1021 762 1084 turpi
803 1021 989 1067 fecerat
1027 1026 1137 1067 arte
1176 1038 1305 1068 suos.

226 1106 451 1167 Namque
487 1103 642 1150 trium
678 1101 927 1159 minimus,
967 1101 1126 1163 proles
1167 1101 1433 1147 manifesta
1470 1101 1692 1163 Superbi,

293 1187 356 1232 In
396 1184 582 1231 medios
623 1183 790 1229 hostes
833 1187 976 1227 nocte
1018 1181 1196 1227 silente
1233 1181 1386 1228 venit.

139 1293 195 1322 535
221 1268 490 1314 Nudarant
531 1264 756 1328 gladios:
805 1262 1041 1320 occidite,
1083 1262 1227 1319 dixit,
1270 1262 1536 1309 inermem]

292 1348 402 1396 Hoc
442 1346 644 1409 cupiant
681 1344 878 1401 fratres,
915 1342 1309 1405 Tarquiniusque
1351 1347 1506 1404 pater,

226 1428 320 1484 Qui
357 1443 464 1474 mea
500 1424 690 1472 crudeli
728 1422 967 1469 laceravit
1005 1423 1208 1469 verbere
1251 1427 1408 1485 terga.

293 1508 490 1573 (Dicere
527 1510 586 1552 ut
622 1506 713 1551 hoc
754 1508 933 1568 posset,
973 1503 1180 1549 verbera
1219 1520 1391 1565 passus
1429 1503 1574 1563 erat.)

227 1590 369 1636 Luna
395 1587 524 1634 fuit:
561 1590 789 1649 spectant
826 1584 1070 1642 iuvenem,
1097 1584 1382 1645 gladiosque
1417 1585 1705 1641 recondunt,

140 1694 200 1725 540
289 1669 558 1731 Tergaque,
603 1666 814 1713 deducta
854 1668 1007 1722 veste,
1050 1668 1225 1710 notata
1250 1663 1438 1712 vident.

225 1751 374 1797 Flent
409 1764 614 1810 quoque,
640 1751 691 1794 et
723 1751 781 1792 ut
814 1761 976 1792 secum
1008 1749 1212 1791 tueatur
1241 1744 1386 1803 bella,
1414 1749 1679 1807 precantur
1696 1761 1708 1802 3
1777 1742 1788 1746 ’

292 1829 514 1876 Callidus
555 1826 744 1890 ignaris
783 1825 961 1872 annuit
1004 1824 1089 1872 ille
1127 1824 1261 1872 viris.

227 1914 432 1974 Iamque
471 1915 649 1973 potens
686 1908 836 1956 misso
873 1906 1149 1970 genitorem
1186 1905 1406 1968 appellat
1446 1906 1616 1963 amico,

286 1993 535 2041 Perdendi
577 1990 761 2039 Gabios
803 1989 932 2052 quod
976 1987 1070 2034 sibi
1112 1991 1358 2034 monstret
1394 1987 1501 2034 iter.

140 2103 196 2133 545
223 2074 418 2122 Hortus
455 2073 676 2121 odoratis
714 2072 917 2119 suberat
956 2068 1260 2116 cultissimus
1301 2067 1482 2124 herbis,

295 2157 466 2203 Sectus
507 2156 711 2202 humum
752 2153 859 2199 rivo
899 2152 1008 2198 lene
1050 2149 1276 2197 sonantis
1313 2165 1480 2210 aquae.

227 2237 341 2284 Illic
379 2235 680 2298 Tarquinius
720 2233 959 2280 mandata
997 2230 1212 2277 latentia
1251 2229 1360 2275 nati

293 2317 508 2378 Accipit,
549 2320 600 2362 et
623 2315 767 2376 virga
808 2312 916 2358 lilia
956 2326 1146 2357 summa
1183 2310 1343 2356 metit.

227 2396 452 2444 Nuntius
493 2401 551 2441 ut
575 2394 741 2452 rediit,
785 2393 1084 2453 decussaque
1122 2389 1230 2435 lilia
1272 2389 1416 2447 dixit,

140 2503 197 2532 550
287 2477 459 2534 Filius,
501 2477 731 2538 Agnosco
769 2473 903 2519 iussa
942 2470 1179 2533 parentis,
1221 2470 1304 2515 ait.

226 2558 331 2604 Nec
371 2573 537 2603 mora:
580 2554 886 2618 principibus
924 2552 1077 2600 caesis
1119 2568 1178 2598 ex
1222 2551 1341 2597 urbe
1381 2550 1590 2606 Gabina,

291 2636 581 2682 Traduntur
622 2635 827 2682 ducibus
865 2633 1058 2680 moenia
1099 2632 1234 2677 nuda
1276 2630 1388 2677 suis.
