1788 2980
41 188 107 253 πη]
698 188 791 233 MA
809 188 855 232 r.
1419 185 1503 230 1‘27

212 379 402 414 Maiestas
430 375 598 414 controLs
627 375 689 413 the
716 375 927 424 kinqdoms
956 375 1003 424 os
1025 375 1087 413 che
1115 374 1230 413 earth
1257 375 1352 412 also.

45 490 195 536 Venit
234 494 285 535 et
324 490 376 535 in
415 495 605 536 terras:
653 489 913 535 coluerunt
952 490 1193 535 Romulus
1232 490 1366 534 illam

107 571 172 616 Et
205 570 385 626 Numa,
423 585 535 614 mox
569 568 671 625 alii,
714 574 932 631 tempore
966 569 1170 631 quisque
1208 586 1305 615 suo.

41 650 137 696 Illa
172 654 336 712 patres
374 649 425 695 in
464 650 646 694 honore
684 649 765 711 pio
788 653 1067 710 matresque
1110 653 1309 708 tuetur3

106 729 204 775 Illa
239 745 398 776 comes
439 729 604 792 pueris
641 728 1015 790 virginibusque
1053 728 1225 787 venitg

41 809 138 855 Illa
175 809 316 854 datos
353 808 508 854 fasces
549 808 874 864 commendat,
914 808 1131 869 eburque
1169 807 1338 853 curule
1354 823 1367 866 3

106 888 203 935 Illa
240 888 488 934 coronatis
528 888 632 934 alta
669 887 947 949 triumphat
983 887 1135 949 equis.

43 968 262 1016 Finierat
301 985 442 1015 voces
484 968 843 1031 Polyhymnia:
891 968 1024 1014 diota
1065 968 1336 1030 probarunt

107 1048 324 1111 Clioque,
363 1053 414 1095 et
454 1064 630 1095 curvae
669 1048 793 1095 scita
829 1047 1006 1093 Thalia
1048 1047 1197 1109 lyrae.

1562 754 1598 781 50

47 1236 84 1275 Τ
82 1236 128 1274 he
156 1237 269 1275 Mus-c
296 1237 448 1275 Ura-nie
474 1239 648 1275 connects
674 1236 818 1275 Maius
846 1236 946 1275 with
978 1237 990 1256 ‘
1005 1238 1177 1275 maiores
1192 1236 1200 1251 '
1235 1238 1318 1276 ‘che
1345 1237 1470 1276 elders
1485 1236 1520 1278 :’

440 1289 502 1328 the
529 1301 727 1328 reverence
747 1289 856 1339 paid
882 1293 919 1328 to
946 1289 1014 1328 old
1040 1301 1124 1340 aye.

47 1403 239 1466 Excipit
276 1405 493 1451 Uranie:
541 1403 697 1450 fecere
735 1403 935 1450 silentia
971 1410 1191 1462 cunctae,

109 1484 175 1529 Et
215 1501 312 1530 vox
349 1483 510 1530 audiri
552 1483 705 1541 nulla,
744 1483 841 1530 nisi
883 1484 985 1541 illa,
1026 1491 1202 1546 potest.

44 1566 228 1626 Magna
266 1564 366 1610 fuit
400 1564 646 1626 quondam
683 1563 859 1626 capifis
883 1564 1160 1610 reverentia
1199 1564 1321 1621 cani,

108 1645 265 1705 Inque
302 1660 390 1690 suo
430 1643 588 1706 pretio
628 1660 752 1706 ruga
789 1644 958 1690 senilis
1000 1649 1121 1691 erat.

46 1723 224 1770 Martis
264 1740 385 1785 opus
420 1723 623 1770 iuvenes
662 1723 975 1785 animosaque
1014 1724 1142 1770 bella
1179 1726 1431 1786 gerebant,

109 1804 176 1849 Et
215 1820 302 1865 pro
339 1803 416 1849 dis
456 1803 664 1849 aderant
703 1803 756 1849 in
794 1803 1009 1850 statione
1045 1803 1162 1850 suis.

47 1883 252 1929 Viribus
293 1883 381 1928 illa
420 1883 594 1941 minor,
639 1899 727 1937 nee
764 1883 1003 1930 habendis
1039 1883 1179 1929 utilis
1217 1884 1380 1940 armis,

112 1962 327 2009 Consilio
368 1962 555 2024 patriae
593 1979 734 2024 saepe
775 1962 969 2009 ferebat
1009 1979 1162 2025 opem.
1411 1975 1524 2018 ;ξ;;

47 2042 150 2089 Nee
189 2041 283 2088 nisi
323 2047 433 2104 post
470 2058 624 2088 annos
665 2042 830 2104 patuit
869 2046 989 2088 tunc
1030 2042 1178 2089 Curia
1201 2058 1279 2089 ser

112 2122 302 2168 Nomen
343 2126 392 2168 et
425 2121 606 2168 aetatis
640 2121 761 2167 mite
796 2121 1007 2167 Senatus
1042 2109 1462 2212 eratffl'ffl
1381 2156 1403 2186 ζ

48 2201 165 2247 Iura
199 2200 350 2247 dabat
384 2201 562 2263 populo
597 2201 791 2260 senior3
838 2200 1081 2262 finitaque
1118 2223 1148 2261 ᾖ·
1223 2256 1229 2259 ⁴
1265 2249 1274 2259 ,
1356 2212 1409 2239 '2⁵

1035 2272 1053 2289 4

117 2279 328 2341 Legibus
363 2283 439 2326 est
473 2284 622 2337 aetas,
658 2280 788 2325 unde
824 2284 1105 2358 petatur*
1095 2303 1243 2358 ἱ
1263 2269 1353 2314 2¹2ss

1563 1430 1599 1460 51
