1788 2980
39 150 117 216 η]
588 153 964 201 FEBRUARY.
1454 159 1507 204 41

37 312 246 363 February
288 313 395 361 lm,
439 313 523 353 ad.
576 313 708 352 XIII.
758 313 859 354 Kal.
903 315 1176 353 Mara—The
1209 315 1466 364 Quirinalia,
1499 329 1525 354 a

270 367 442 418 festival
469 367 516 406 in
543 366 701 406 honour
727 367 776 417 of
799 367 1002 415 Quirinus
1032 368 1278 418 (Romulus).

39 473 271 520 Proxima
306 474 393 520 lux
429 491 584 520 vacua
619 478 726 521 est:
774 477 830 520 at
865 473 1018 519 tertia
1054 473 1188 520 dicta
1223 473 1442 529 Quirino.

105 554 197 609 Qui
234 558 373 600 tenet
409 554 498 599 hoo
534 571 722 612 nomen,
763 553 1006 600 Romulus
1041 558 1158 600 ante
1193 553 1322 612 fuit3

38 633 151 679 Sive
186 634 314 695 quod
350 633 495 679 hasta
531 635 659 679 curis
695 633 867 695 priscis
905 638 979 679 est
1016 633 1148 679 diota
1184 632 1394 690 Sabinis,

104 713 320 760 Bellicus
355 730 384 758 a
419 713 520 759 telo
556 712 696 758 venit
731 712 785 757 in
820 717 955 758 astra
991 713 1139 758 deus:

38 792 150 839 Sive
186 809 273 839 suo
308 792 413 854 regi
449 808 625 839 nomen
661 807 864 854 posuere
898 791 1117 847 Quirites
1133 808 1148 851 3
1549 816 1605 847 355

105 871 199 918 Seu
234 871 349 933 quia
384 871 621 918 Romanis
656 871 886 918 iunxerat
921 871 1006 917 ille
1043 872 1207 918 Cures.

40 1043 156 1081 Mars
196 1042 369 1081 claimed
399 1042 516 1092 from
544 1042 710 1091 Jupiter
739 1042 801 1081 the
829 1043 1065 1092 fulfilmeut
1097 1044 1144 1094 of
1175 1043 1240 1082 his
1265 1044 1456 1094 promise,
1491 1046 1527 1083 to

425 1096 537 1146 deify
565 1108 635 1134 one
663 1096 710 1146 of
732 1097 794 1135 ilie
814 1097 915 1134 iwin
952 1096 1126 1135 brothers

40 1198 170 1244 Nam
206 1200 346 1259 pater
380 1196 697 1259 armipotens,
734 1201 992 1259 postquam
1027 1214 1155 1244 nova
1190 1199 1382 1245 moenia
1416 1199 1562 1257 vidit,

105 1277 367 1338 Multaque
402 1276 644 1323 Romulea
679 1277 810 1323 bella
844 1281 1043 1339 peracta
1079 1293 1242 1336 manu,

41 1357 280 1419 Iuppiter,
319 1355 497 1418 inquit,
539 1356 691 1403 habet
728 1356 954 1403 Romana
995 1357 1219 1419 potentia
1259 1358 1389 1405 vires
1406 1374 1419 1418 3

106 1435 370 1498 Sanguinis
405 1435 559 1482 officio
596 1452 696 1483 non
738 1441 850 1499 eget
890 1436 979 1482 illa
1019 1437 1128 1484 mei.
1550 1454 1608 1493 360

41 1517 210 1563 Redde
248 1517 379 1579 patri
416 1520 591 1562 natum
607 1532 620 1575 3
654 1515 880 1578 quamvis
919 1516 1177 1563 intercidit
1213 1517 1356 1575 alter,

108 1598 205 1644 Pro
248 1614 312 1655 se,
353 1613 536 1660 proque
577 1598 746 1655 Rem0‚
789 1596 874 1659 qui
916 1597 1039 1643 mihi
1080 1602 1253 1656 restat,
1296 1599 1405 1646 erit.

42 1679 187 1725 Unus
227 1679 324 1725 erit
360 1694 503 1740 quem
544 1683 602 1724 tu
642 1678 789 1724 tolles
829 1678 882 1723 in
924 1678 1120 1724 caerula
1162 1679 1298 1737 caeli,

106 1759 181 1804 Tu
218 1757 339 1804 mihi
378 1757 582 1816 dixisti3
628 1757 730 1804 sint
767 1762 877 1804 rata
916 1758 1050 1803 diota
1091 1758 1240 1804 Iovis.

42 1837 268 1900 Iuppiter
307 1843 581 1891 annuerat3
625 1842 752 1883 nutu
793 1837 1114 1883 tremefactus
1153 1843 1359 1900 uterque
1553 1855 1608 1894 365

108 1920 200 1966 Est
241 1919 394 1982 polus,
439 1924 489 1965 et
529 1918 651 1965 caeli
694 1920 910 1981 pondera
949 1919 1106 1965 movit
1146 1920 1308 1966 Atlas.

42 2084 244 2136 Romulus
275 2096 560 2146 mysteriously
589 2095 826 2187 disapssggrars
850 2098 892 2133 at
926 2093 1060 2134 Goat’s
1084 2094 1180 2134 Pool
1214 2095 1260 2134 in
1289 2108 1316 2133 a
1336 2096 1528 2135 munder-

696 2161 716 2187 3
777 2161 831 2188 m-

45 2252 137 2298 Est
177 2251 311 2297 locus
328 2266 341 2310 3
387 2249 583 2312 antiqui
623 2250 836 2312 Capreae
875 2250 1042 2296 dixere
1081 2239 1324 2311 paludem.

112 2332 259 2377 Forte
300 2331 402 2377 tuis
435 2331 553 2388 11116,
596 2329 820 2388 Romule,
861 2329 970 2375 iura
1010 2330 1175 2376 dabas.

46 2410 129 2456 Sol
166 2410 312 2472 fugit,
355 2414 406 2456 et
443 2413 699 2456 removent
737 2409 1002 2456 subeuntia
1043 2409 1217 2455 nubila
1257 2409 1459 2468 caelum,

113 2490 180 2535 Et
216 2489 382 2551 gravis
419 2488 586 2536 effusis
624 2489 809 2535 decidit
845 2489 1004 2535 imber
1039 2488 1193 2550 aquis.
1554 2516 1609 2544 370

50 2570 183 2616 Hinc
219 2573 376 2627 tonat,
416 2569 530 2616 111116
567 2569 730 2616 missis
763 2568 1075 2631 abrumpitur
1112 2567 1310 2630 ignibus
1343 2569 1524 2618 aether.
