1788 2980
221 218 308 262 104
712 218 940 268 OVIDII
983 220 1192 267 FASTJ.
1563 221 1674 286 [Lm.

293 348 370 386 She
398 360 482 387 was
509 348 723 400 gyatlcerz‘rnq
741 350 902 400 flou-ers
930 349 1029 387 with
1058 349 1128 387 her
1156 360 1288 398 yozmq
1315 349 1582 397 companions,

212 442 352 501 Filia,
388 446 640 492 consuetas
676 450 731 490 ut
767 449 872 490 erat
907 444 1141 490 comitata
1176 443 1367 505 puellis,

127 537 182 575 360
269 528 489 575 Errabat
524 528 655 573 nudo
690 542 776 588 per
810 541 899 571 sua
933 528 1075 586 prata
1110 524 1242 586 pede.

212 606 361 656 Valle
395 609 487 654 sub
522 608 751 653 umbrosa
784 604 918 651 lecus
952 608 1045 663 est,
1078 602 1334 666 aspergine
1370 603 1525 648 multa

283 688 494 734 Uinidus
528 704 588 734 ex
623 687 726 733 alto
762 684 1036 732 desilientis
1071 699 1235 746 aquae.

213 768 305 813 Tot
339 768 541 814 fuerant
573 767 692 824 illic,
727 770 848 828 quot
883 765 1032 811 habet
1069 768 1261 821 natura,
1297 763 1496 820 colores,

278 847 515 909 Pictaque
550 846 778 894 dissimili
815 846 929 892 flore
964 844 1157 890 nitebat
1193 844 1380 889 humus.

125 943 180 980 365
206 926 362 983 Quam
398 927 543 974 simul
578 926 786 990 aspexit,
824 924 1039 972 Comites
1072 923 1301 982 accedite,
1338 923 1479 979 dixit,

276 1007 342 1054 Et
377 1024 564 1054 mecum
599 1007 766 1070 plenos
803 1007 916 1051 flore
951 1004 1132 1051 referte
1168 1003 1314 1049 sinus.

211 1088 402 1134 Praeda
436 1087 678 1150 puellares
713 1086 900 1132 animos
937 1085 1178 1148 prolectat
1215 1084 1389 1140 inanis,

277 1168 341 1213 Et
376 1184 475 1214 non
510 1167 728 1214 sentitur
763 1165 1028 1213 sedulitate
1064 1164 1214 1210 labor.
1245 1227 1247 1230 ι

210 1248 347 1293 Haec
381 1248 556 1310 implet
592 1248 727 1293 lento
763 1247 983 1292 calathos
1017 1261 1043 1291 e
1079 1245 1262 1292 vimine
1300 1249 1477 1301 textos,

123 1353 181 1382 370
270 1327 408 1374 Haec
442 1327 694 1390 gremium,
732 1328 869 1373 laxos
904 1327 1141 1388 degravat
1175 1325 1262 1371 illa
1297 1325 1466 1382 sinus3

208 1407 305 1454 Illa
340 1407 463 1470 legit
498 1396 700 1465 calthas,
740 1406 852 1453 huic
887 1410 1005 1452 sunt
1041 1404 1246 1451 violaria
1281 1420 1437 1462 curae,

272 1487 370 1532 Illa
404 1494 701 1550 papavereas
737 1487 964 1533 subsecat
999 1501 1161 1546 ungue
1196 1501 1356 1531 comas
1374 1501 1386 1543 ;

207 1568 330 1626 Has,
367 1568 649 1631 hyacinthe,
687 1573 839 1625 tenes,
878 1567 1005 1625 illas,
1042 1570 1308 1624 amarante,
1346 1566 1565 1623 moraris,

270 1648 394 1695 Pars
429 1649 616 1711 thyma,
653 1665 765 1711 pars
800 1663 972 1704 rorem,
1010 1663 1121 1709 pars
1155 1646 1414 1692 meliloton
1448 1652 1628 1691 amant.

119 1753 174 1784 375
200 1729 422 1775 Plurima
459 1729 587 1775 lecta
623 1745 733 1775 rosa
767 1732 858 1786 est,
898 1732 1016 1774 sunt
1049 1731 1100 1774 et
1136 1726 1240 1773 sine
1277 1726 1470 1772 nomine
1507 1726 1650 1772 flores.

271 1809 387 1871 Ipsa
421 1825 584 1856 crocos
620 1813 808 1866 tenues,
847 1807 1048 1869 liliaque
1083 1807 1196 1853 alba
1233 1806 1366 1867 legit.

204 1888 448 1950 Carpendi
484 1887 648 1934 studio
684 1887 923 1950 paulatim
959 1886 1159 1951 longius
1190 1886 1306 1942 itur,

271 1970 336 2014 Et
371 1969 617 2015 dominam
652 1985 767 2015 casu
804 1968 942 2014 nulla
977 1973 1143 2014 secuta
1179 1983 1347 2013 comes.

577 2109 702 2148 then
736 2110 843 2148 “st
871 2109 1023 2160 herself
1044 2123 1069 2148 a
1088 2111 1229 2160 βαίνει·
1249 2109 1387 2158 slowcr

407 2165 468 2213 By
497 2164 574 2201 Dis
602 2175 684 2201 was
711 2162 940 2213 yatlceredf

207 2253 347 2297 Hanc
383 2251 535 2309 videt,
571 2257 622 2298 et
657 2254 814 2298 visam
850 2261 1057 2314 patruus
1091 2252 1324 2298 velociter
1357 2251 1537 2306 aufert,

124 2348 174 2382 βο
263 2331 531 2392 Regnaque
567 2331 804 2378 caeruleis
840 2332 891 2378 in
929 2348 1017 2378 sua
1052 2337 1217 2395 portat
1253 2333 1402 2395 equis,

199 2410 294 2455 Illa
328 2410 524 2472 quidem
559 2411 819 2469 clamabat,
856 2398 1199 2458 Io‘carissima
1234 2419 1403 2471 mater,

266 2489 509 2536 Auferor!
582 2490 686 2552 ipsa
719 2507 832 2537 suos
867 2491 1238 2554 abscideratque
1274 2493 1423 2540 sinus.

202 2571 446 2617 Panditur
478 2571 668 2617 interea
702 2572 811 2618 Diti
848 2572 960 2630 νίας
1006 2589 1214 2635 namque
1249 2575 1477 2621 diurnum

268 2651 455 2696 Lumen
490 2651 726 2697 inassueti
764 2651 847 2698 vix
882 2652 1142 2714 patiuntur
1175 2654 1299 2716 equi.
1357 2682 1358 2685 =
