1788 2980
195 138 255 182 42
693 132 919 180 OVJDJJ
961 130 1173 177 FASTJ.
1544 129 1661 195 [Lm.

204 298 208 302 ,
259 251 343 297 Fit
383 251 532 312 fuga3
580 266 667 296 rex
707 248 883 312 patriis
921 252 1057 294 astra
1094 247 1295 309 petebat
1336 246 1487 308 equis,

195 333 381 378 Luctus
422 335 544 388 erat,
587 330 838 391 falsaeque
876 329 1052 374 Patres
1089 327 1142 372 in
1183 326 1385 372 crimine
1423 324 1609 371 caedis:

261 411 614 473 Haesissetque
652 409 830 456 animis
868 408 1081 455 forsitan
1117 407 1205 452 illa
1242 407 1392 464 fides3

458 570 496 609 A
528 570 639 619 yhost
667 572 803 619 story:
832 569 895 608 the
925 572 1100 618 mystery
1119 569 1156 607 is
1174 568 1399 618 explained.

102 705 161 736 375
187 680 280 726 Sed
321 678 562 725 Proculus
604 678 775 739 Longa
813 676 1048 723 veniebat
1088 675 1250 728 Iulius
1291 676 1438 733 Alba,

260 761 495 821 Lunaque
535 758 786 820 surgebat,
826 774 914 804 nec
952 757 1074 803 facis
1115 773 1232 803 usus
1270 761 1406 814 erat3

193 843 316 888 Cum
354 840 519 887 subito
557 844 695 885 motu
737 855 874 901 sepes
913 843 1156 884 tremuere
1195 837 1453 883 sinistrae:

259 919 484 967 Rettulit
522 919 608 965 ille
648 919 848 981 gradus,
875 918 1271 979 horrueruntque
1309 932 1485 963 comae.

193 1000 421 1055 Pulcher,
461 1003 512 1045 et
549 998 763 1043 humano
801 997 970 1054 maior,
1014 997 1282 1058 trabeaque
1320 997 1523 1042 decorus

110 1098 163 1134 380
253 1079 496 1126 Romulus
533 1078 586 1124 in
624 1078 786 1124 media
826 1077 963 1123 visus
1004 1077 1174 1122 adesse
1212 1076 1307 1134 via,

195 1161 260 1206 Et
298 1158 482 1205 dixisse
524 1157 704 1205 simul:
754 1157 970 1202 Prohibe
1008 1156 1176 1217 lugere
1217 1155 1448 1211 Quirites,

260 1240 365 1285 Nec
405 1238 596 1284 violent
643 1236 859 1283 lacrimis
901 1236 1106 1281 numina
1146 1241 1317 1282 nostra
1356 1235 1470 1281 suis.

192 1319 324 1366 Tura
366 1318 549 1375 ferant,
587 1318 877 1380 placentque
901 1333 1085 1363 novum
1117 1317 1198 1379 pia
1223 1317 1371 1363 turba
1396 1315 1670 1371 Quirinum,

261 1401 327 1446 Et
364 1398 550 1461 patrias
587 1402 721 1444 artes
762 1397 1088 1459 militiamque
1127 1397 1305 1443 colant.

108 1497 163 1534 385
189 1478 362 1533 Iussit,
403 1480 455 1522 et
492 1475 544 1521 in
583 1480 757 1522 tenues
793 1475 948 1522 oculis
985 1474 1192 1521 evanuit
1230 1490 1390 1520 auras.

261 1557 510 1602 Convocat
547 1553 626 1599 hic
661 1553 880 1615 populos,
921 1552 1148 1613 iussaque
1184 1551 1337 1596 verba
1371 1549 1538 1595 refert.

194 1636 395 1698 Templa
436 1635 524 1681 deo
560 1635 718 1692 fiunt3
759 1631 898 1679 collis
933 1647 1123 1693 quoque
1160 1630 1322 1676 dictus
1359 1630 1420 1675 ab
1460 1629 1546 1674 illo
1582 1636 1671 1684 est,

263 1718 328 1762 Et
367 1715 593 1762 referunt
634 1713 756 1760 certi
799 1729 935 1759 sacra
976 1716 1182 1774 paterna
1220 1710 1337 1756 dies.

191 1877 252 1915 On
294 1875 355 1913 che
385 1886 494 1913 same
524 1874 607 1923 day
641 1885 686 1911 as
732 1873 794 1911 the
829 1872 1074 1919 Quirinalia
1103 1884 1188 1910 was
1221 1872 1283 1911 the
1314 1872 1430 1910 Feast
1463 1871 1509 1919 of
1544 1871 1670 1914 Fools,

189 1929 303 1967 when
331 1928 393 1966 the
417 1928 521 1967 Oven
539 1927 716 1965 Festival
738 1926 1016 1973 (Fornacalia)
1051 1937 1135 1964 was
1164 1926 1253 1975 kept
1284 1926 1332 1974 by
1363 1925 1465 1963 those
1486 1925 1572 1962 who
1592 1924 1675 1962 had

476 1980 669 2030 neqleeted
700 1983 736 2019 to
766 1979 859 2029 keep
890 1980 922 2018 a
952 1992 1003 2017 on
1033 1979 1094 2017 tlte
1118 1991 1267 2029 proper
1297 1979 1390 2028 day.

194 2078 302 2123 Lux
343 2091 533 2138 quoque
572 2091 660 2121 cur
699 2075 870 2121 eadem
908 2074 1187 2121 Stultorum
1223 2073 1354 2120 festa
1391 2078 1607 2130 vocetur,

113 2183 171 2214 390
251 2156 466 2218 Accipe3
512 2172 665 2218 parva
700 2155 899 2217 quidem
938 2171 1099 2212 causa,
1140 2155 1224 2201 sed
1266 2159 1383 2217 apta
1423 2155 1606 2200 subest.
1652 2188 1656 2191 -

200 2237 315 2282 Non
357 2236 533 2282 habuit
571 2236 739 2282 doctos
779 2235 930 2281 tellus
968 2235 1175 2296 antiqua
1209 2234 1434 2293 colonos3

267 2317 544 2363 Lassabant
584 2316 739 2377 agiles
777 2331 950 2377 aspera
991 2315 1121 2361 bella
1161 2315 1307 2361 viros.

202 2397 322 2443 Plus
364 2401 471 2442 erat
511 2396 563 2441 in
604 2396 783 2457 gladio,
826 2411 971 2457 quam
1011 2411 1160 2441 curvo
1202 2395 1362 2441 laudis
1399 2399 1563 2440 aratro
1582 2410 1597 2454 3

268 2478 538 2539 Neglectus
581 2477 777 2523 domino
815 2493 966 2538 pauca
1005 2476 1198 2521 ferebat
1235 2491 1364 2537 ager.

117 2584 172 2614 395
199 2559 351 2603 Farra
389 2561 554 2603 tamen
595 2562 788 2604 veteres
834 2556 1094 2613 iaciebant,
1136 2555 1270 2602 farra
1310 2555 1579 2611 metebant,
