1788 2980
59 196 158 260 111.]
653 195 908 243 MARCII.
1459 192 1520 240 77

60 305 201 350 Iussa
234 304 381 366 fugit,
416 307 660 364 ventoque
693 307 852 348 ratem
885 302 1152 347 committit
1187 306 1237 348 et
1272 301 1430 347 undis.

126 384 362 446 Asperior
390 384 563 445 quovis
596 399 803 445 aequore
836 383 994 429 frater
1027 388 1148 430 erat.
1555 397 1611 434 560

65 465 157 510 Est
192 480 339 526 prope
374 463 585 526 piscosos
621 462 829 524 lapidosi
866 462 1116 509 Crathidis
1151 479 1317 508 amnes

129 545 319 590 Parvus
353 560 499 605 ager:
548 543 782 589 Cameren
817 543 976 589 incola
1010 544 1159 589 turba
1191 547 1345 589 vocat.

65 624 191 669 Illuc
226 639 396 669 cursus
430 627 538 669 erat
557 638 572 681 3
617 638 706 668 neo
739 622 934 684 longius
968 622 1131 668 abfuit
1166 622 1295 679 inde,

131 703 286 758 Quam
320 706 554 764 quantun?
597 702 766 748 novies
801 702 1000 748 mittere
1034 702 1191 747 funda
1227 707 1403 763 potest.

66 782 194 827 Vela
227 781 411 827 cadunt
445 781 614 843 primo,
652 785 702 827 et
739 780 888 826 dubia
923 781 1170 826 librantur
1203 782 1265 826 ab
1300 797 1431 826 aura.
1561 796 1615 832 φῆ

135 861 336 908 Findite
370 861 588 922 remigio,
624 861 796 907 navita
831 861 974 918 dixit,
1010 877 1172 923 aquas.

70 942 295 1001 Dumque
330 943 508 1001 parant
543 944 675 985 torto
710 940 978 986 subducere
1013 941 1214 986 carbasa
1248 940 1364 998 lino,

135 1019 422 1065 Percutitur
454 1019 624 1081 rapido
659 1020 833 1081 puppis
867 1020 1055 1065 adunca
1089 1021 1238 1077 Noto,

75 1101 230 1161 Inque
266 1103 441 1161 patens
475 1115 668 1161 aequor,
705 1099 895 1145 frustra
930 1105 1180 1161 pugnante
1215 1100 1463 1161 magistrQ

136 1181 330 1237 Fertur,
366 1184 417 1226 et
451 1195 511 1226 ex
545 1179 697 1225 oeulis
731 1179 838 1226 visa
872 1180 1058 1242 refugit
1093 1181 1282 1228 humus.

73 1259 322 1305 Assiliunt
356 1259 546 1316 fluctus,
583 1258 774 1320 imoque
807 1276 835 1304 a
869 1259 1065 1321 gurgite
1099 1264 1280 1322 pontus

140 1338 387 1396 Vertitur,
424 1343 475 1384 et
510 1354 655 1384 canas
689 1338 857 1384 alveus
891 1338 1060 1384 haurit
1093 1355 1255 1401 aquas.

1298 1218 1405 1253 s
1564 1206 1620 1235 570

1349 1257 1423 1273 d

77 1418 308 1464 Vincitur
342 1433 422 1464 ars
455 1423 619 1475 vento,
655 1435 743 1464 nec
776 1418 874 1464 iam
908 1419 1185 1464 moderator
1220 1419 1424 1465 habenis

141 1497 335 1553 Utitur,
371 1500 425 1541 at
457 1496 588 1542 votis
623 1497 702 1542 hio
736 1512 926 1559 quoque
960 1496 1116 1558 poscit
1151 1513 1301 1559 opem.

76 1577 300 1621 lactatur
334 1576 548 1622 tumidas
582 1576 696 1622 exul
732 1576 1001 1622 Phoenissa
1034 1593 1120 1638 per
1153 1577 1326 1634 undas,
1567 1603 1622 1632 575

149 1655 430 1718 Umidaque
483 1655 704 1716 opposita
749 1655 935 1701 lumina
967 1661 1105 1702 veste
1138 1656 1278 1717 tegit.

79 1735 203 1780 Tum
238 1734 448 1796 primum
483 1735 614 1780 Dido
649 1735 770 1780 felix
806 1740 881 1781 est
918 1735 1050 1781 diota
1084 1736 1251 1792 sorori,

146 1815 213 1859 Et
246 1829 574 1875 quaecumque
607 1814 822 1876 aliquam
856 1831 1052 1876 corpore
1087 1815 1265 1878 pressit
1299 1815 1514 1861 humum.

82 1894 277 1955 Figitur
310 1894 371 1939 ad
407 1894 625 1940 Laurens
659 1894 851 1955 ingenti
885 1895 1078 1940 flamine
1112 1895 1233 1941 litus

148 1971 350 2034 Puppis,
386 1971 705 2040 etkexpositis
738 1972 977 2037 omnibus}
998 1973 1175 2019 hausta
1208 1974 1350 2035 perit.
1572 1991 1629 2027 580

548 2119 626 2157 She
654 2122 880 2157 encounters
907 2120 1076 2160 AEnecw.

87 2215 191 2260 Iam
227 2214 335 2276 pius
367 2214 562 2259 Aeneas
596 2228 746 2275 regno
779 2218 991 2275 nataque
1026 2214 1192 2259 Latini

154 2296 348 2340 Auctus
382 2297 502 2350 erat,
538 2293 740 2355 populos
773 2292 1129 2355 miscueratque
1164 2294 1297 2340 duos.

91 2374 255 2419 Litore
291 2371 446 2418 dotali
480 2372 582 2418 solo
615 2372 879 2418 comitatus
913 2373 1105 2418 Achate

156 2453 404 2499 Secretum
438 2453 570 2498 nudo
605 2453 722 2498 dum
755 2453 876 2514 pede
910 2452 1068 2514 carpit
1091 2452 1201 2509 iter,

93 2531 290 2594 Aspicit
323 2536 584 2589 errantem,
621 2548 708 2578 nec
743 2533 937 2578 credere
973 2531 1187 2578 sustinet
1220 2533 1419 2578 Annam
1575 2547 1631 2586 585

157 2613 290 2658 Esse.
360 2611 487 2667 Quid
523 2612 574 2657 in
611 2611 777 2657 Latios
820 2612 909 2656 illa
941 2611 1133 2657 veniret
1165 2613 1335 2673 agros?
