1788 2980
235 157 323 202 176
727 155 953 202 ΘΗΜ]
996 155 1205 200 FASTI.
1573 146 1689 210 [Lm.

295 265 509 325 Magnus
544 268 594 309 et
629 263 681 308 in
715 279 892 325 magno
928 279 1116 324 semper
1151 263 1332 307 honore
1366 261 1475 308 fuit.

230 343 478 388 Cantabat
512 341 658 399 fanis,
695 343 929 388 cantabat
964 342 1090 388 tibia
1125 341 1271 399 ludis,

297 421 544 468 Cantabat
578 422 779 468 maestis
814 422 940 467 tibia
974 421 1246 467 funeribus.

231 502 403 547 Dulcis
438 506 545 547 erat
580 502 798 548 mercede
834 501 1003 548 labor:
1051 506 1340 563 tempusque
1377 504 1611 557 secutum,

143 606 203 636 570
293 581 434 636 Quod
469 581 633 627 subito
669 581 845 627 Graiae
880 581 1132 643 frangeret
1173 580 1297 626 artis
1332 596 1464 642 opus.

232 661 378 706 Adde
412 662 541 722 quod
576 661 766 719 aedilis,
803 677 1028 723 pompam
1062 661 1146 723 qui
1181 660 1370 706 funeris
1407 660 1552 716 irent,

297 740 533 786 Artifices
569 741 696 786 solos
731 740 942 786 iusserat
977 756 1079 786 esse
1115 741 1293 786 decem.

234 820 396 865 Exilio
429 825 627 865 mutant
661 821 833 866 urbem
867 820 1116 882 Tiburque
1150 821 1417 866 recedunt:

300 899 518 945 Exilium
553 900 762 960 quodam
798 905 1015 962 tempore
1050 900 1205 946 Tibur
1239 905 1359 945 erat.

146 1003 203 1033 575
229 978 494 1033 Quaeritur
528 979 581 1024 in
617 995 761 1025 scena
795 996 915 1025 cava
951 980 1090 1037 tibia,
1128 980 1383 1041 quaeritur
1417 979 1530 1032 aris,

301 1059 451 1104 Ducit
487 1075 735 1121 supremos
770 1059 947 1105 naenia
982 1060 1120 1105 nulla
1157 1065 1302 1105 toros.

510 1215 629 1263 Story
658 1216 704 1265 of
727 1215 829 1253 their
857 1216 1193 1263 restorati0⁴n,—a
1220 1215 1413 1263 sempr-2230.

236 1308 484 1354 Servierat
518 1309 729 1370 quidam,
768 1309 1079 1370 quantolibet
1114 1308 1285 1354 ordine
1321 1307 1514 1369 dignus,

302 1387 496 1445 Tibure,
535 1389 616 1434 sed
655 1389 799 1450 longo
835 1394 1052 1450 tempore
1088 1388 1214 1434 liber
1248 1392 1368 1433 erat.

236 1464 371 1510 Rure
406 1465 553 1526 dapes
588 1470 729 1526 parat
764 1465 850 1511 ille
886 1481 972 1511 suo
1008 1465 1298 1525 turbamque
1344 1479 1568 1509 canoram

151 1560 209 1596 580
301 1544 549 1590 Convocat
567 1560 579 1603 3
627 1545 687 1590 ad
724 1545 879 1591 festas
915 1544 1147 1591 convenit
1181 1544 1269 1589 illa
1304 1544 1467 1605 dapes.

238 1622 352 1668 Nox
385 1628 508 1679 erat,
545 1628 597 1669 et
632 1623 763 1669 vinis
799 1624 1022 1685 oculique
1057 1623 1303 1684 animique
1339 1622 1598 1670 natabant.

304 1702 426 1747 Cum
451 1703 834 1764 praecomposito
870 1703 1076 1749 nuntius
1111 1718 1192 1749 ore
1227 1702 1380 1758 venit,

237 1784 405 1843 Atque
441 1784 527 1840 ita,
565 1784 693 1838 Quid
730 1801 886 1830 cessas
923 1784 1148 1830 convivia
1184 1783 1403 1829 solvere?
1445 1783 1586 1843 dixit,

303 1864 494 1907 Auctor
528 1863 778 1908 vindictae
813 1863 909 1907 iam
944 1863 1098 1919 venit,
1135 1879 1255 1919 ecce,
1293 1862 1436 1912 tuae!

153 1957 208 1993 585
236 1940 339 1986 Nec
374 1957 509 1986 mora
526 1957 540 1999 3
574 1941 808 1987 convivae
844 1941 1010 1987 valido
1045 1941 1322 1987 titubantia
1356 1942 1470 1988 vino

299 2015 528 2061 Membra
558 2020 789 2065 movent:
832 2016 970 2063 dubii
997 2022 1231 2080 stantque
1255 2019 1523 2081 labantque
1550 2020 1710 2081 pedes.

231 2095 306 2142 At
344 2094 587 2152 dominus,
627 2095 897 2153 Discedite,
938 2097 1011 2142 ait
1049 2098 1369 2159 plaustroque
1407 2105 1655 2145 morantes

263 2229 267 2233 .
299 2175 547 2234 Sustulit3
594 2175 647 2221 in
687 2176 911 2237 plaustro
952 2176 1139 2238 scirpea
1176 2178 1281 2224 lata
1316 2178 1430 2225 fuit.

230 2248 479 2294 Alliciunt
515 2266 708 2297 somnos
743 2256 936 2313 tempus
973 2260 1230 2316 motusque
1264 2272 1560 2319 merumque,

145 2351 203 2380 590
234 2392 241 2398 ι
293 2326 515 2389 Potaque
551 2345 600 2374 se
636 2330 791 2375 Tibur
826 2332 973 2376 turba
1008 2333 1167 2379 redire
1202 2339 1360 2396 putat.

231 2405 440 2467 Jamque
465 2423 550 2468 per
585 2409 832 2470 Esquilias
867 2410 1141 2457 Romanam
1178 2412 1455 2461 intraverat
1491 2416 1660 2463 urbem
1679 2435 1691 2475 ς

298 2487 363 2529 Et
397 2502 539 2532 mane
574 2487 626 2533 in
661 2488 820 2539 medio
856 2489 1077 2551 plaustra
1112 2491 1248 2538 fuere
1282 2493 1402 2540 foro.

232 2563 474 2623 Plautius,
512 2570 567 2611 ut
602 2573 765 2629 posset
800 2570 956 2630 specie
985 2586 1280 2634 numeroque
1312 2579 1533 2622 senatum
