1788 2980
194 225 283 273 106
687 221 912 268 OVIDII
949 222 1162 268 FASTJ.
1444 230 1446 232 '
1533 218 1653 284 [Lm.

254 333 453 392 Quaque
488 334 626 392 patet
661 329 884 391 Zephyro
920 345 1109 393 semper
1144 337 1344 392 apertus
1383 333 1530 392 Eryx.

189 413 390 474 Iamque
424 411 713 457 Peloriaden
752 410 1079 472 Lilybaeaque
1115 411 1306 472 iamque
1343 412 1611 472 Pachynon

255 493 531 547 Lustrarat,
568 495 728 535 terrae
764 506 944 535 cornua
979 491 1113 536 trina
1148 507 1275 537 suae.

102 598 159 628 ⁴¹5
184 573 493 633 Quacumque
528 570 819 632 ingreditur,
856 570 1047 616 miseris
1082 571 1186 617 1003
1219 576 1396 617 cuncta
1430 571 1660 633 querellis

256 652 451 714 Implet,
486 655 542 696 ut
576 650 808 695 amissum
844 666 953 696 cum
987 650 1140 711 gemit
1174 651 1276 697 ales
1312 652 1463 712 Ityn3

189 732 376 793 Perque
410 731 539 777 vices
574 726 731 787 mode,
765 730 1087 792 Peisephone‚
1114 732 1270 788 modo,
1298 731 1439 788 Filia,
1465 730 1660 786 clamat,

257 812 464 868 Clamat,
501 815 552 856 et
587 809 795 855 alternis
831 826 1004 855 nomen
1043 814 1304 872 utrumque
1340 810 1450 857 ciet.

190 892 283 938 Sed
320 907 474 952 neque
511 891 821 952 Peisephone
858 890 1095 947 Cererem,
1130 907 1284 953 neque
1319 891 1419 936 filia
1454 864 1658 936 matrem

103 999 162 1026 420
251 972 426 1027 Audit,
464 976 514 1017 et
549 970 755 1016 alternis
792 986 966 1016 nomen
1006 976 1266 1032 utrumque
1301 971 1445 1033 perit.

191 1055 414 1114 Unaque,
452 1057 696 1115 pastorem
732 1052 939 1098 vidisset
973 1069 1037 1097 an
1073 1069 1193 1098 arva
1227 1053 1482 1108 colentem,

190 1182 196 1187 ,
256 1136 369 1181 Vox
403 1139 525 1193 erat,
562 1134 672 1180 Hac
707 1150 903 1196 gressus
938 1150 1086 1196 ecqua
1121 1135 1284 1197 puella
1319 1134 1473 1180 tulit?

192 1216 298 1260 Iam
333 1215 464 1261 color
500 1231 626 1260 unus
660 1214 792 1259 inest
827 1214 987 1270 rebus,
1025 1214 1336 1275 tenebrisque
1373 1218 1611 1275 teguntur

260 1291 464 1349 Omnia3
511 1291 608 1336 iam
643 1291 820 1352 vigiles
856 1291 1131 1337 conticuere
1168 1307 1326 1336 canes,

104 1396 160 1426 425
186 1372 309 1417 Alta
343 1371 469 1416 iacet
504 1370 634 1417 vasti
670 1387 815 1432 super
850 1386 934 1415 ora
969 1370 1224 1431 Typho’c'os
1260 1371 1436 1425 Aetne,

258 1451 407 1497 Cuius
442 1450 687 1496 anhelatis
723 1449 921 1512 ignibus
957 1450 1098 1495 ardet
1133 1450 1323 1496 humus.

192 1531 304 1576 Illic
338 1530 561 1576 accendit
595 1529 813 1591 geminas
850 1545 936 1591 pro
972 1529 1194 1591 lampade
1230 1529 1406 1591 pinus:

257 1610 390 1656 Hinc
427 1609 615 1656 Cereris
651 1609 801 1655 sacris
837 1625 966 1654 nunc
1001 1625 1191 1670 quoque
1227 1610 1370 1654 taeda
1406 1609 1567 1654 datur.

193 1691 283 1735 Est
317 1705 486 1750 specus
523 1688 653 1734 exesi
690 1693 940 1734 structura
976 1688 1180 1749 pumicis
1215 1704 1387 1749 asper;

105 1796 163 1824 430
253 1769 367 1814 Non
404 1768 590 1814 homini
625 1768 774 1830 regio,
813 1784 909 1812 non
947 1768 1173 1813 adeunda
1208 1768 1349 1814 ferae.

191 1849 295 1904 Quo
331 1847 476 1893 simul
511 1847 729 1903 advenit,
766 1846 985 1892 frenatos
1021 1846 1244 1893 curribus
1281 1863 1463 1909 angues

257 1925 444 1986 Iungit‚
482 1929 532 1970 et
566 1939 827 1985 aequoreas
864 1923 988 1968 sicca
1026 1928 1244 1984 pererrat
1279 1940 1444 1985 aquas.

193 2004 381 2066 Effugit
415 2009 466 2050 et
502 2004 688 2065 Syrtes,
726 2008 775 2048 et
811 2007 875 2059 te,
913 2003 1152 2048 Zanclaea
1189 2002 1479 2063 Charybdis,

259 2086 323 2129 Et
360 2100 459 2140 vos,
499 2083 684 2140 Nisaei,
722 2082 962 2144 naufraga
997 2087 1231 2139 monstra,
1269 2097 1444 2138 cancs3

105 2191 161 2219 435
188 2164 585 2224 Hadriacumque
621 2167 793 2224 patens
830 2161 944 2219 late,
982 2162 1309 2222 bimaremque
1347 2161 1632 2207 Corinthon.

258 2244 335 2289 Sic
371 2242 508 2288 venit
543 2243 606 2288 ad
651 2246 834 2304 portus,
874 2241 1046 2286 Attica
1080 2245 1227 2297 terra,
1264 2245 1389 2286 tuos.

185 2401 237 2438 In
276 2399 345 2438 ker
383 2401 638 2450 wanderinys
664 2400 731 2438 she
759 2401 873 2438 visits
902 2400 1062 2438 Eleusis
1096 2401 1141 2438 in
1171 2400 1320 2447 Attica,
1356 2400 1481 2438 where
1523 2400 1656 2438 Celeus

698 2455 802 2502 qivcs
830 2453 971 2491 §heller
1000 2462 1036 2491 ιο
1064 2453 1145 2492 laer.

197 2562 293 2607 Hic
330 2563 538 2623 primum
574 2563 703 2608 sedit
739 2562 899 2624 gelido
936 2562 1258 2607 maestissima
1293 2578 1422 2607 saxo.

261 2642 393 2688 Illud
432 2642 720 2703 Cecropidae
758 2658 886 2687 nunc
920 2658 1108 2703 quoque
1145 2642 1274 2687 triste
1312 2647 1499 2687 vocant.
