1788 2980
1 209 5 237 Α,
81 167 136 235 1.]
632 168 959 216 JANUARY.
1487 171 1543 218 15

81 277 194 335 Hic,
230 277 314 339 qui
350 293 478 322 nunc
512 278 671 339 aperit
704 279 920 340 percussi
955 280 1141 326 viscera
1175 280 1322 338 tauri,

146 357 209 403 In
244 356 394 404 sacris
428 356 621 403 nullum
654 357 814 405 culter
853 359 1068 406 habebat
1102 377 1236 422 opus.

116 509 221 560 Why
249 508 312 548 the
336 508 408 559 piy
435 507 472 546 is
498 506 704 557 sacrzficed
732 509 768 544 to
800 506 924 554 Ceres,
957 507 1042 545 and
1069 507 1131 545 the
1158 510 1247 556 qoat
1276 509 1313 545 to
1341 507 1533 547 Bacchus.

82 603 249 650 Prima
285 603 429 651 Ceres
463 601 635 648 avidae
670 601 842 663 gavisa
876 606 952 648 est
988 602 1225 665 sanguine
1262 619 1448 666 porcae,

147 685 272 733 Ulta
307 701 419 731 suas
453 683 630 730 merita
664 683 808 729 caede
842 683 1065 730 nocentis
1100 700 1227 746 opes.
1581 710 1638 738 350

13 790 16 795 ·
85 767 213 812 Nam
248 769 357 811 sata
391 779 506 811 vere
536 779 665 810 novo
694 763 878 810 teneris
914 763 1150 811 lactentia
1186 765 1340 811 succis

147 846 304 891 Eruta
338 844 576 907 setigerae
611 844 848 906 comperit
884 861 965 891 ore
1001 844 1116 892 suis.

82 927 174 973 Sus
209 925 412 972 dederat
446 941 623 987 poenas
640 942 653 984 3
689 925 908 988 exemplo
944 926 1150 973 territus
1185 928 1331 974 huius

148 1006 362 1053 Palmite
397 1006 633 1052 debueras
668 1005 981 1064 abstinuisse,
1018 1023 1172 1070 caper.

82 1088 236 1144 Quem
271 1090 497 1149 spectans
531 1086 710 1148 aliquis
747 1087 919 1133 dentes
954 1083 1005 1132 in
1041 1087 1145 1134 vite
1180 1092 1480 1150 prementem
1585 1114 1640 1143 355

147 1167 287 1215 Talia
323 1184 420 1214 non
456 1166 609 1214 tacito
647 1166 780 1213 dicta
816 1167 981 1214 dolore
1018 1167 1186 1214 dedit:

84 1249 237 1307 Rode,
274 1264 430 1311 caper,
466 1247 650 1294 vitem:
688 1252 851 1293 tamen
891 1244 1029 1306 hinc,
1057 1265 1167 1294 cum
1203 1249 1359 1296 stabis
1394 1250 1454 1296 ad
1491 1266 1639 1306 aram,

150 1329 213 1375 In
247 1333 336 1376 tua
371 1328 500 1390 quod
537 1327 702 1390 spargi
737 1345 919 1374 cornua
955 1328 1124 1391 possit,
1161 1329 1272 1376 erit.

84 1410 252 1457 Verba
286 1408 406 1456 fides
443 1407 666 1470 sequitur
685 1424 697 1467 3
733 1425 889 1456 noxae
923 1408 1019 1455 tibi
1055 1410 1253 1458 deditus
1288 1411 1446 1458 hostis

150 1488 412 1553 Spargitur
444 1487 600 1535 affuso
635 1475 1072 1549 cornua,⁸&Bacche,
1100 1506 1248 1538 mero.
1546 1515 1552 1518 ·
1587 1509 1644 1548 360

85 1570 255 1634 Culpa
275 1569 351 1617 sui
386 1570 567 1630 nocuit,
609 1569 778 1617 nocuit
811 1587 1002 1633 quoque
1034 1571 1178 1634 culpa
1212 1573 1453 1635 capellae:

151 1650 279 1708 Quid
315 1650 416 1710 bos,
453 1650 570 1713 quid
607 1651 826 1713 placidae
861 1651 1219 1700 commeruistis
1246 1656 1405 1707 oves?

353 1797 459 1847 Why
486 1796 548 1835 the
575 1808 625 1835 ατ
652 1808 737 1836 was
763 1796 968 1847 samflced
997 1795 1044 1847 by
1072 1796 1301 1837 Aristaeus.

89 1889 263 1937 Flebat
296 1889 569 1949 Aristaeus,
606 1889 734 1951 quod
769 1904 884 1951 apes
918 1903 1028 1934 cum
1063 1884 1216 1947 stirpe
1250 1888 1447 1932 necatas

152 1970 365 2016 Viderat
398 1969 618 2032 inceptos
653 1968 938 2016 destituisse
972 1966 1126 2013 favos.

89 2049 295 2097 Caerula
328 2064 472 2111 quem
506 2047 733 2110 genetrix
767 2062 910 2107 aegre
946 2046 1104 2092 solata
1139 2046 1386 2093 dolentem
1589 2061 1645 2100 365

153 2129 368 2178 Addidit
402 2129 519 2176 haec
554 2127 700 2175 dictis
734 2126 911 2173 ultima
944 2128 1095 2173 verba
1119 2127 1248 2173 suis:

86 2210 233 2276 Siste,
269 2219 404 2274 puer,
439 2208 693 2256 lacrimas:
730 2208 940 2254 Proteus
974 2211 1063 2253 tua
1098 2207 1277 2253 damna
1311 2205 1512 2264 levabit,

143 2291 355 2354 Quoque
389 2290 532 2337 modo
566 2304 760 2352 repares
794 2302 918 2350 quae
952 2286 1152 2350 periere,
1190 2286 1344 2333 dabit.

90 2371 318 2434 Decipiat
351 2387 413 2418 ne
445 2375 497 2417 te
531 2369 686 2417 versis
718 2373 885 2415 tamen
920 2367 1005 2413 ille
1033 2367 1224 2430 figuris,

156 2451 440 2516 Impediant
473 2450 691 2514 geminas
726 2448 924 2496 vincula
958 2448 1098 2494 firma
1131 2462 1317 2518 manus.
1588 2468 1647 2501 3⁷0

91 2531 329 2581 Pervenit
361 2531 425 2578 ad
460 2534 626 2579 vatem
660 2527 870 2586 iuvenis,
906 2526 1218 2588 resolutaque
1253 2540 1419 2572 somno

159 2612 352 2676 Alligat
385 2610 610 2674 aequorei
643 2608 870 2656 bracchia
903 2611 1048 2670 capta
1081 2605 1227 2653 senis.
